2466 3958
503 221 538 230 -
590 202 731 250 VII-

13 389 18 396 -
105 366 206 428 quam
229 341 371 409 auctoris
396 343 510 427 genius
534 343 597 408 sibi
629 365 710 428 quae
739 343 919 410 uindicaret
945 345 1121 448 paucisque

107 432 181 497 aliis
206 453 288 516 quae
316 435 451 534 possent
479 453 575 497 curae
604 454 687 517 esse,
716 455 782 499 non
804 435 923 498 mirum
950 433 979 498 si
1001 434 1121 499 retine·

105 520 263 586 bantur
253 543 288 585 ιιι
310 519 452 604 scriniis,
479 520 555 584 dum
584 520 720 586 conlect
695 524 739 586 t1s
770 522 973 606 opusculis
963 543 998 587 ιιι
1020 543 1120 588 ιιιιιιιιι

105 610 200 694 quasi
219 630 336 693 corpus
356 571 455 673 atiani
477 609 587 677 haec
578 610 701 694 ingenii
720 609 904 676 Ausoniani
928 611 1121 676 documenta

107 701 318 782 emergerent,
337 719 419 781 quae
433 698 500 762 iam
514 719 647 782 prorsus
663 698 799 765 diuersis
813 699 953 765 inmixta
968 703 1120 784 poterant

105 787 236 871 placere
263 786 421 871 pluribus.
462 786 552 852 uelut
583 787 776 889 Ephemeris
804 809 954 890 quaeque
979 809 1050 854 eam
1074 809 1120 853 se·

105 879 184 940 cunt
185 897 224 940 ur
247 875 281 940 in
304 873 467 940 Vossianc
486 874 633 940 Domest
609 879 674 941 tica
697 898 780 960 quac
802 877 1028 961 inscripsimus
1052 898 1120 942 car·

106 965 196 1028 mina
214 984 287 1028 cum
300 962 419 1028 Parent
421 964 525 1028 alibus
544 969 578 1030 et
563 963 820 1030 tProiessorum
834 963 1120 1051 Burdigalensium

106 1053 421 1119 commemoratione.

174 1138 237 1206 Sed
268 1145 336 1206 rest
338 1144 395 1205 ant
380 1141 502 1225 talia,
535 1142 650 1226 quibus
679 1141 765 1226 quod
792 1141 934 1225 praefari
962 1142 1120 1226 amicique

105 1250 226 1294 nomen
259 1251 457 1314 praeponere
485 1193 667 1313 supersedit
698 1233 795 1314 poeta
829 1231 946 1294 mirum
981 1230 1120 1314 uidetur,

105 1339 132 1382 e.
162 1338 192 1403 g.
220 1315 336 1384 Vrbes.
388 1340 465 1382 nam
499 1339 554 1384 eas
591 1322 760 1403 tamquam
792 1317 977 1385 Theodosio
1009 1341 1119 1384 sacras

104 1410 240 1490 propter
267 1427 380 1471 uersus
408 1407 452 1472 64
470 1429 552 1494 sqq,
580 1408 631 1473 cui
650 1410 766 1482 *totum
794 1408 947 1472 uolumen
976 1411 1046 1473 erat
1075 1407 1120 1472 di·

105 1499 227 1578 catum,
255 1499 405 1579 exceptas
433 1495 535 1561 fuisse
565 1497 607 1560 ab
636 1518 673 1561 ea
701 1517 817 1560 norma
840 1497 896 1560 uix
919 1496 1119 1561 crediderim.

105 1581 159 1650 Sic
182 1584 293 1668 potius
317 1605 445 1649 censeo:
470 1605 565 1668 quaa
589 1585 761 1649 carmina
779 1584 976 1650 Ausonius
1000 1585 1119 1649 certis

105 1672 240 1737 amicis
264 1676 330 1738 aut
358 1673 534 1738 omnibus
562 1673 727 1738 lecturis
755 1672 917 1752 dicauit,
948 1694 990 1738 ea
1014 1672 1120 1737 edita

105 1764 195 1826 sunt
218 1765 284 1826 aut
303 1764 508 1845 antequam
527 1762 691 1846 primum
710 1763 899 1844 opuscula
919 1761 1120 1847 redigeret

104 1850 144 1915 in
167 1849 352 1935 ordinem,
381 1853 447 1915 aut
469 1851 552 1933 ipso
577 1872 619 1916 eo
645 1854 927 1934 temporaque
951 1851 1119 1933 parabat

104 1939 268 2004 alteram
314 1937 524 2004 tertiamue
570 1938 847 2023 opusculorum
893 1938 1118 2022 editionem3

104 2049 201 2111 quae
219 2026 366 2092 nullam
385 2049 476 2110 prae
495 2049 534 2092 se
557 2027 690 2092 ferunt
709 2028 790 2092 eius
809 2027 910 2092 modi
929 2048 1119 2096 commen-

104 2116 315 2200 dationem,
340 2137 382 2181 aa
405 2137 481 2181 non
504 2116 582 2181 nisi
605 2116 646 2180 in
664 2117 750 2200 ipsa
769 2113 1015 2182 conlectione
1035 2115 1118 2181 siue

103 2205 235 2289 priore
258 2205 341 2269 siue
365 2204 490 2270 altera
513 2208 602 2270 sunt
624 2205 737 2271 edita.

171 2292 280 2378 Atque
310 2293 360 2358 bis
393 2293 524 2377 quidem
550 2293 657 2377 ipsum
689 2295 853 2358 auctorem
882 2293 1027 2358 conlecta
1060 2315 1119 2359 sua

104 2383 262 2466 opuscula
277 2382 423 2446 emisisse
439 2383 513 2466 ipsa
532 2381 730 2447 dedicatoria
744 2382 899 2465 carmina,
917 2381 1117 2446 Praefatiun·

103 2471 194 2536 culos
231 2491 312 2555 quas
345 2470 502 2555 diximus,
537 2471 691 2537 euincunt
727 2470 924 2554 tertiumque
956 2469 1118 2535 editurum

103 2559 206 2624 fuisse
225 2581 263 2624 ea
281 2560 425 2624 carmina
442 2559 593 2645 probant,
611 2580 694 2643 quae
712 2559 747 2622 in
765 2559 867 2624 altera
886 2557 1028 2623 editione
1051 2581 1118 2625 non

103 2647 236 2732 recepta
262 2647 363 2712 fuisse
392 2648 471 2713 satis
499 2651 629 2713 constat
655 2669 694 2713 ex
717 2651 902 2732 temporum
925 2647 1118 2731 rationibus,

103 2736 243 2801 edidisse
266 2736 521 2821 tamen1psum,
544 2737 789 2820 qualiacumque
813 2739 915 2820 erant,
939 2737 1117 2801 amicorum

103 2845 223 2891 nomen
246 2826 466 2912 praepositum
490 2828 542 2891 ost
527 2826 640 2890 tendit.

170 2912 217 2979 Ec
239 2915 378 2997 primam
398 2914 528 2997 quidem
552 2913 727 2978 editionem
748 2911 913 2998 Syagrio
936 2912 1117 2996 adscripsit,

103 3003 202 3068 simul
226 3003 375 3068 omnibus
403 3002 535 3068 lecturis
559 3025 594 3067 se
617 3023 740 3104 suaque
763 3001 993 3067 commendans
1017 2999 1118 3086 (quod

103 3092 204 3156 etiam
232 3091 267 3156 in
294 3090 444 3156 Bissulae
472 3091 688 3176 epigrammat
688 3092 716 3156 is
673 3089 848 3155 tPaulo
874 3090 983 3155 missis
1015 3089 1118 3176 fecit),

103 3181 244 3245 alteram
263 3178 485 3245 Theodosio
504 3179 720 3266 Augustoe
720 3183 863 3244 tuetera
883 3182 916 3244 et
937 3179 1118 3244 recentiora

104 3268 251 3335 carmina
270 3267 442 3352 expetenti.
478 3269 618 3352 tertiam,
642 3290 740 3353 quam
758 3289 891 3350 parasse
912 3289 984 3332 eum
1008 3267 1119 3353 prodit

103 3357 199 3437 illud,
236 3357 321 3441 quod
357 3356 498 3442 undique
534 3357 779 3442 qualiacumque
816 3356 894 3421 olim
930 3360 1034 3421 metro
1069 3357 1117 3422 lu-

104 3450 205 3530 serat,
236 3445 438 3529 corradebat,
468 3467 533 3511 non
562 3447 671 3532 ipsum
700 3445 892 3528 absoluisse,
923 3445 980 3510 sed
1008 3445 1117 3510 nescio

104 3557 201 3620 quem
225 3535 295 3599 siue
317 3539 494 3618 cognatum
514 3535 582 3600 siue
603 3534 811 3619 familiarem,
833 3534 867 3598 id
889 3533 1007 3619 ipsum,
1031 3533 1117 3617 quod
