2532 3954
529 179 746 244 ..68-

263 339 308 404 Et
331 338 474 403 mellitae
497 341 628 401 nectare
651 338 740 402 uocis

263 428 381 494 Dulcia
403 427 474 492 fatu
496 426 597 491 uerba
620 429 788 491 canentem

409 514 550 580 Nestora
571 535 691 599 regem.

175 677 281 742 Ambo
305 676 397 761 loqui
419 673 542 757 faciles,
565 674 662 740 ambo
686 674 795 738 omnia
818 673 962 740 carmina
985 673 1090 758 docti,
1116 690 1152 740 25

220 764 385 831 Callentes
408 763 544 846 mython
567 763 730 847 plasmata
753 767 786 828 et
808 761 990 846 historiam,
1243 756 1244 822 l

174 854 300 919 Liberti
325 854 421 918 ambo
446 872 557 937 genus,
581 850 637 916 sed
661 873 742 936 quos
766 851 921 916 memisse
943 851 1072 916 deceret
1243 869 1244 874 ’

223 941 391 1035 Ilancisci,
414 944 452 1006 ut
475 941 619 1006 cluerent
641 939 790 1025 patribus
813 940 973 1025 ingenuis.

77 1140 134 1188 [ara]
201 1115 286 1171 XXII.
311 1113 484 1170 VICTORIO
505 1113 736 1170 SVBDOOTORI
755 1114 836 1170 SIVE
855 1113 1080 1170 PROSCHOLO.

131 1243 259 1311 Victori
283 1242 445 1326 studiose,
467 1263 603 1325 memor,
627 1243 724 1326 celer,
747 1242 910 1328 ignoratis

175 1330 320 1396 Adsidue
342 1331 376 1395 in
399 1331 493 1395 libris
516 1351 575 1395 nec
597 1331 663 1396 nisi
686 1335 799 1415 operta
821 1332 947 1415 legens,

131 1421 255 1486 Exesas
277 1419 376 1485 tineis
400 1420 573 1504 opicasque
597 1420 747 1485 euoluere
771 1419 900 1485 chartas

176 1509 282 1575 Maior
305 1531 403 1593 quam
427 1509 587 1592 promptis
612 1530 689 1574 cura
712 1508 774 1573 tibi
796 1509 832 1573 in
855 1507 979 1573 studiis.

133 1598 278 1683 Quiduis,
296 1595 316 1638 ⁹*
333 1598 524 1683 pontificum
544 1618 626 1680 quae
644 1596 783 1676 foedera,
808 1601 945 1662 stemma
963 1597 1049 1680 quod
1069 1596 1152 1663 olim

177 1688 265 1751 Ante
287 1684 432 1751 Numam
454 1685 555 1751 fuerIt
578 1685 714 1751 sacrifici
737 1685 891 1752 Curibus:
1023 1761 1025 1766 .
1134 1703 1150 1751 6
1245 1745 1246 1750 ,

134 1775 220 1852 Quid
245 1773 362 1840 Castor
385 1774 508 1840 cunctis
532 1774 571 1839 de
594 1775 725 1860 regibus
750 1774 927 1860 ambiguis,
952 1773 1029 1859 quid

178 1861 335 1948 Coniugis
359 1885 376 1927 e
398 1862 492 1928 libris
516 1863 652 1929 ediderit
674 1863 846 1948 Rhodope:

134 1951 227 2028 Quod
249 1952 300 2017 ius
323 1951 528 2037 pontificum,
551 1955 697 2017 ueterum
721 1975 802 2037 quae
826 1953 908 2018 solta
931 1952 1098 2028 Quiritum

177 2040 266 2117 Quae
290 2042 438 2106 consulta
460 2045 599 2126 patrum,
621 2040 699 2126 quid
723 2041 829 2107 Draco
853 2041 971 2126 quidue
990 2038 1092 2106 Solon
1118 2059 1150 2108 10

133 2126 284 2195 Sanxerit
307 2133 340 2194 et
361 2129 474 2196 Locris
498 2129 622 2195 dederit
645 2152 728 2215 quae
751 2130 822 2195 iura
845 2130 1016 2214 Zaleucus,

177 2215 244 2283 Sub
267 2218 346 2284 Ioue
369 2240 452 2302 quac
475 2218 597 2303 Minos,
621 2241 703 2304 quae
726 2218 858 2284 Themis
881 2222 956 2284 ante
978 2218 1106 2303 Iovem,

133 2305 222 2372 Nota
245 2306 306 2371 tibi
329 2307 451 2391 potius,
475 2328 571 2392 quam
596 2306 723 2373 Tullius
748 2311 781 2374 et
803 2307 896 2372 Maro
919 2309 1024 2373 nostri

177 2395 222 2460 Et
245 2395 400 2480 quidquid
423 2395 520 2461 Latia
543 2396 692 2463 conditur
715 2396 863 2462 historia.

132 2483 215 2550 Fors
238 2484 320 2549 istos
344 2483 445 2548 etiam
468 2484 531 2549 tibi
553 2484 650 2550 lectio
675 2483 775 2568 longa
798 2485 954 2568 dedisset,
1119 2501 1149 2551 15

179 2570 371 2656 Supremam
394 2572 547 2638 Lachesis
570 2574 605 2637 ni
628 2575 801 2639 celerasset
823 2575 893 2641 iter.

205 2734 240 2783 26
268 2729 507 2800 mythoplasmata
529 2728 569 2785 V*
591 2746 660 2786 corr.
681 2729 848 2802 Scaliper1,
867 2736 903 2785 14
965 2737 999 2786 27
1020 2731 1105 2787 liberi
1124 2735 1152 2787 et

135 2799 218 2856 ambo
243 2799 284 2852 V*
303 2816 371 2856 corr.
392 2799 507 2856 Schenkl
522 2803 526 2866 1
543 2802 657 2857 doceret
678 2799 719 2855 V*
735 2818 805 2858 corr.
825 2802 947 2874 Scalipcr
965 2807 990 2870 1,
1009 2807 1045 2856 14
1118 2808 1152 2858 28

134 2870 213 2924 nasci
230 2869 270 2925 V*
288 2887 356 2926 corr.
376 2871 498 2942 Scaliper
516 2878 542 2939 1,
561 2877 596 2927 14
614 2873 724 2927 nascier
744 2874 887 2928 Pulmone
905 2873 945 2928 sic
964 2874 1044 2929 nasci
1061 2875 1151 2930 Hein-

135 2941 194 2996 sius
210 2943 214 3009 Ι
230 2941 344 3010 paribus
366 2940 406 2996 V*
425 2959 494 2998 corr.
513 2942 635 3013 Scaliper
652 2950 678 3011 1,
697 2949 733 2999 14

206 3028 285 3083 XXII
303 3028 449 3085 Victorino
471 3030 512 3086 V*
530 3049 597 3087 corr.
617 3032 741 3103 Scaliper
761 3038 840 3100 1,15
914 3041 928 3088 1
948 3034 1096 3090 Victorino
1114 3035 1154 3091 V*

134 3117 203 3157 corr.
223 3099 346 3172 Scatr'per
364 3100 510 3158 Victorino
528 3119 635 3158 memor
654 3103 748 3161 studIo
768 3101 841 3160 cele‘r
855 3104 960 3161 Fraus.
977 3106 1155 3164 Goettalsius

170 3177 186 3226 2
210 3172 322 3228 assidue
344 3170 384 3228 V*
491 3179 507 3228 5
538 3173 649 3243 quiduis
677 3175 777 3244 Peipcr
803 3176 879 3246 quod
904 3177 947 3232 ius
970 3177 1010 3231 V*
1032 3177 1035 3245 l
1058 3194 1154 3233 scema

134 3243 270 3298 Halmius
360 3252 376 3301 6
402 3243 495 3298 fuerat
519 3244 560 3299 V*
580 3262 649 3301 corr.
670 3245 803 3302 Heinsius
832 3251 837 3317 Ι
866 3247 996 3303 sacrificii
1018 3248 1060 3302 V*
1083 3267 1153 3306 corr.

139 3313 252 3370 Vinctus
270 3313 402 3370 sacrificis
421 3316 499 3371 Secti
517 3333 545 3371 er
564 3321 590 3385 1,
609 3322 645 3372 15
753 3324 768 3375 ‘1
792 3319 919 3386 quod-
940 3320 1013 3388 quod
1035 3319 1064 3373 V
1083 3337 1154 3378 corr.

136 3383 237 3454 Peiper
309 3392 325 3441 8
344 3385 472 3442 ediderat
489 3333 528 3440 V*
546 3403 614 3442 corr.
634 3389 704 3444 idem
729 3389 734 3458 Ι
758 3407 805 3444 aa.
825 3391 1155 3462 9-1212'tt09raptiam

135 3472 265 3512 uersuum
284 3460 356 3514 5—s
374 3459 409 3514 ab
428 3458 488 3528 ipso
501 3457 626 3514 Aesonio
644 3462 747 3526 factam
761 3461 889 3516 Braudes
901 3467 986 3530 putat
1031 3469 1047 3516 9
1067 3464 1153 3534 quae]

136 3543 166 3596 q;
190 3524 231 3580 V*
300 3534 332 3582 12
352 3529 420 3598 quid
438 3530 541 3584 themis
562 3528 602 3582 V*
621 3547 688 3588 corr.
709 3531 843 3588 Hessius
910 3538 942 3587 14
957 3532 1092 3602 quicquid
1115 3534 1155 3589 V*
