2546 3962
833 362 841 374 '
869 387 889 424 ι,
916 429 936 458 ἢ
961 347 1164 415 wteeeditur.
1179 377 1206 416 40

614 903 684 970 XX.

58 1031 147 1132 'aa
264 1061 445 1130 avsomr
468 1062 821 1132 avamemaasis
845 1065 1032 1134 vamme
1107 1019 1109 1024 ¹

471 1220 693 1277 GRATIARVM
712 1222 822 1278 ACTIO

171 1369 245 1442 AD
283 1368 645 1442 GRATIANVM
681 1369 1124 1446 IMPERATOREM

468 1547 547 1609 rao
573 1546 821 1608 ooaevmm.
1152 1515 1155 1521 '

4 1757 6 1838 ξ
104 1777 118 1824 1
207 1758 231 1823 I.
256 1758 329 1843 Ago
349 1757 410 1823 tibi
429 1758 567 1842 gratias,
590 1757 770 1841 imperator
785 1756 948 1843 Auguste3
971 1759 1000 1824 si
1017 1781 1156 1844 possem,

4 1853 5 1856 ’
139 1848 239 1914 etiam
267 1847 429 1911 referrem.
472 1845 529 1911 sed
551 1867 654 1930 neque
681 1849 740 1910 tua
767 1845 900 1912 fortuna
924 1847 1087 1913 desiderat
1109 1870 1156 1912 re·

139 1936 331 2002 munerandi
362 1935 468 2000 uicem
499 1956 604 2019 neque
637 1937 751 1999 nostra
783 1936 932 2020 suggerit
963 1937 1155 2002 restituendi

138 2027 337 2091 facultatem.
378 2023 580 2109 priuatorum
613 2023 678 2088 ista
709 2023 802 2107 eopia
831 2025 881 2088 est
907 2025 994 2090 inter
1023 2047 1057 2091 se
1085 2047 1156 2090 esee

140 2114 324 2180 munificos:
355 2117 413 2178 tua
436 2112 593 2177 beneficia
616 2114 653 2175 ut
677 2113 849 2178 maiestate
872 2115 1086 2199 praecellunt,
1108 2114 1183 2182 itae

104 2207 288 2269 amutuum
320 2224 386 2267 non
419 2204 603 2286 reposcunt.
650 2201 736 2286 quod
764 2201 870 2267 solum
897 2203 998 2288 igitur
1025 2206 1156 2268 nostrae

139 2292 211 2377 opis
235 2296 297 2370 est,
321 2291 447 2376 gratias
470 2311 546 2374 ago:
573 2311 687 2355 uerum
710 2290 771 2374 ita,
794 2294 832 2355 ut
854 2292 940 2376 apud
964 2293 1059 2357 deum
1083 2292 1156 2357 fieri

139 2383 242 2459 amat,
266 2379 435 2445 sentiendo
459 2379 621 2463 copiosius
646 2401 743 2463 quam
766 2380 936 2465 loquendo.
967 2384 1071 2464 atque
1089 2403 1155 2446 non

138 2471 173 2535 in
193 2469 334 2534 sacrario
355 2471 452 2550 [loco]
472 2469 649 2553 imperialis
670 2469 807 2552 oraculi,
831 2469 887 2552 qui
910 2470 1001 2534 loeus
1020 2469 1155 2534 horrore

138 2558 316 2641 tranquillo
341 2561 374 2621 et
395 2578 516 2641 pauore
539 2556 717 2622 uenerabili
745 2579 819 2621 raro
848 2557 985 2622 eundem
1009 2558 1153 2623 animum
1169 2585 1195 2624 ιο

138 2650 287 2731 praestat
310 2648 343 2710 et
365 2647 493 2712 uultum
517 2646 578 2730 tui3
605 2646 660 2709 sed
684 2664 914 2731 usquequaque
937 2647 1062 2732 gratias
1083 2667 1154 2733 ag0,

139 2740 210 2800 tum
229 2738 354 2819 tacens,
371 2737 442 2800 tum
461 2735 611 2820 loquens,
630 2738 701 2799 tum
719 2734 755 2798 in
774 2738 868 2799 coetu
887 2735 1065 2821 hominum,
1083 2738 1153 2800 tum

138 2824 373 2908 ipsemecum,
400 2827 434 2890 et
456 2846 529 2890 eum
553 2845 632 2889 uoce
655 2823 759 2908 patui,
788 2825 915 2889 etcum
944 2825 1155 2891 meditatione

140 2914 267 2996 secessi,
287 2913 376 2978 omni
395 2913 467 2979 loeo
487 2917 561 2979 aetu
580 2912 696 2978 habitu
716 2916 748 2977 et
765 2915 931 2996 tempore.¹
951 2935 1011 2979 nee
1025 2913 1154 2998 mirum,

210 3107 223 3160 I
248 3124 455 3160 nvamemersrs
474 3106 596 3178 vasum]
616 3122 776 3160 nvanmms
795 3123 920 3160 usmis
939 3123 1033 3160 Mamer
1051 3122 1152 3160 rosera
1172 3109 1202 3159 Z

138 3194 380 3232 reprimeremus
397 3177 452 3233 w
470 3175 574 3247 Incipit
592 3177 748 3247 gratiarum
767 3174 938 3242 artiedieta
956 3177 1071 3231 domino
1085 3175 1153 3230 Gra-

138 3248 217 3304 tiano
233 3250 361 3318 Augusto
380 3248 431 3302 rub
446 3247 569 3304 Ausonio
588 3267 613 3303 v.
634 3264 657 3304 e.
676 3247 746 3318 pref.
766 3249 835 3317 pret.
856 3247 879 3302 ἃ
897 3243 1000 3302 eonsul'
1021 3247 1109 3303 ordin.
1120 3247 1159 3301 M

176 3325 191 3374 1
209 3319 375 3392 imperator]
394 3319 434 3374 mi
452 3325 486 3390 pr
505 3323 550 3390 (ea
569 3319 650 3390 imfrr)
667 3320 693 3373 T
763 3325 779 3373 2
798 3317 938 3374 refferrem
955 3319 999 3386 ΤΙ
1014 3335 1104 3386 neque
1118 3348 1155 3360 -

138 3391 241 3464 neque]
269 3407 353 3518 n&-
372 3407 405 3464 113
426 3392 452 3446 T
476 3409 528 3446 nee
549 3420 581 3431 -
599 3408 652 3446 nee
670 3390 736 3446 ΜΘ
807 3395 824 3444 4
845 3389 949 3444 iterem
972 3406 1032 3446 esse
1057 3389 1083 3444 G

138 3468 155 3516 9
173 3463 237 3518 loco
251 3463 276 3518 Τ
322 3462 406 3519 modo
417 3463 455 3518 M
465 3465 515 3520 del.
528 3461 636 3532 Peiper.
693 3468 724 3517 11
744 3459 854 3516 uultum
870 3460 912 3515 tui
923 3461 949 3514 Τ
966 3461 1008 3516 tui
1020 3477 1072 3516 om.
1087 3461 1125 3516 M
1128 3459 1154 3516 G

140 3539 172 3587 12
191 3535 300 3607 tacens]
320 3535 424 3590 tacitus
444 3535 482 3590 M
500 3535 505 3603 Ι
531 3537 595 3590 cetu
615 3534 682 3588 TM
751 3539 784 3587 13
803 3533 911 3586 ettam
929 3548 999 3587 uoce
1021 3531 1047 3587 G

191 3631 323 3676 Arsame.
957 3627 991 3677 23
