2540 3962
485 217 728 315 -1985

104 398 224 442 nouam
247 376 359 441 lunam
381 379 415 440 et
437 375 591 442 Murenae
613 367 811 462 auguratum
833 379 945 442 ternos
970 380 1023 441 ter
1044 399 1117 461 cya-
1136 394 1172 444 25

103 465 179 530 thos
211 466 372 531 attonitus
402 466 486 550 petit
513 469 614 531 uates.
659 465 745 530 hunc
771 466 879 532 locum
907 465 945 530 de
973 467 1117 532 ternario

102 575 238 620 numero
257 554 344 620 illico
364 557 476 619 nostra
498 554 556 619 illa
578 553 708 640 poetica
731 554 857 619 scabies
880 554 989 638 coepit
1012 557 1117 620 excul-

102 642 1117 798 aaurullurufrilrrtralur

104 755 245 886 detinuit
264 754 400 886 atiscli
409 752 560 907 iupiiigas
579 752 784 906 sphoirgiam,
802 842 883 905 quae
902 820 1117 905 inperfectum
1136 838 1171 888 30

104 930 186 994 opus
210 910 285 994 equi
306 910 390 974 male
410 910 593 993 spumantis
613 910 772 975 absoluat.
805 931 842 975 ac
860 931 901 974 nc
920 932 971 975 me
989 911 1117 976 nescias

102 998 296 1084 gloriosum,
325 1001 456 1082 coeptos
484 999 570 1063 iuter
591 998 816 1082 prandendum
838 998 1017 1064 uersiculos
1041 1003 1117 1064 ante

102 1108 200 1152 cenae
232 1089 360 1171 tempus
388 1086 530 1171 absolui,
561 1087 624 1153 hoc
653 1090 715 1172 est,
748 1087 825 1152 dum
853 1087 932 1153 bibo
960 1092 994 1154 et
1019 1088 1117 1171 paulo

103 1178 179 1240 ante
203 1197 300 1260 quam
323 1175 476 1242 biberem.
516 1176 660 1262 nitergo
684 1197 819 1242 examen
841 1198 901 1261 pro
924 1177 1060 1241 materia
1084 1180 1118 1241 et

102 1268 259 1348 tempore.
305 1270 355 1329 set
377 1267 413 1329 tu
437 1287 564 1350 quoque
590 1265 652 1331 hoc
674 1265 780 1348 ipsum
804 1265 902 1350 paulo
924 1265 1060 1330 hilarior
1083 1269 1118 1330 et
1137 1281 1171 1330 35
1202 1273 1207 1278 '

103 1351 238 1418 dilutior
269 1354 354 1438 lege3
386 1375 527 1438 namque
560 1355 714 1419 iniurium
746 1357 796 1419 est
829 1353 868 1418 de
900 1357 999 1437 poeta
1030 1354 1117 1418 male

103 1441 213 1507 sobrio
235 1441 390 1509 lectorem
414 1443 608 1508 abstemium
633 1442 784 1508 iudicare.
827 1463 931 1526 neque
954 1465 1006 1508 me
1029 1443 1118 1508 fallit

101 1530 173 1595 fore
192 1531 346 1616 aliquem,
370 1532 425 1616 qui
447 1531 533 1598 hunc
555 1533 663 1598 iocum
684 1535 833 1597 nostrum
857 1531 959 1596 acutis
981 1531 1117 1596 naribus

103 1623 136 1683 et
166 1623 334 1704 caperrata
366 1619 471 1688 fronte
504 1621 696 1687 condemnet
727 1624 888 1706 negetque
920 1641 972 1686 me
999 1620 1118 1704 omnia,

103 1729 185 1792 quae
208 1709 249 1774 ad
271 1709 450 1774 ternarium
472 1713 505 1774 et
528 1709 739 1776 uenenarium
766 1729 917 1775 numeros
944 1710 1119 1793 pertinent,
1136 1724 1171 1802 510

103 1935 196 1991 noctis
214 1935 337 2006 mediae,
356 1935 406 2005 da,
424 1953 507 2005 puer,
525 1936 639 2007 auguris
657 1936 803 1992 Murenae:
826 1906 917 1992 tribub
942 1937 993 1990 aut
1015 1952 1119 1991 nouem

104 2006 258 2062 miscentur
276 2006 386 2078 cyathis
403 2006 507 2078 pocula
525 2007 688 2064 commodis.
717 2007 767 2076 qui
779 2006 873 2062 Musas
887 2008 966 2062 amat
984 2005 1117 2077 impares,

105 2079 199 2134 ternos
217 2081 261 2133 ter
279 2077 396 2149 cyathos
415 2078 552 2133 attonitus
571 2079 650 2148 petet
667 2080 756 2134 uates.

175 2156 211 2206 30
232 2149 296 2205 Vel.
314 2149 387 2205 Man
406 2148 473 2203 VIII
492 2155 525 2203 11
544 2148 607 2204 Ext.
623 2157 646 2207 7.
682 2149 754 2204 Plin.
772 2168 799 2206 n.
819 2149 847 2204 h.
865 2147 969 2205 XXXV
989 2154 1041 2204 104
1063 2149 1119 2204 hoc

104 2221 232 2290 exemplo
254 2221 313 2276 eius
337 2218 438 2274 similis
456 2221 485 2275 ct
503 2221 628 2275 Nealcen
651 2237 795 2276 successus
819 2238 934 2291 spumae
958 2220 1023 2288 equi
1041 2220 1119 2275 simi·

10 2301 15 2311 ¹
103 2291 169 2346 liter
189 2307 341 2362 spongea
359 2291 501 2361 inpacta
519 2293 630 2347 secutus
650 2291 760 2348 dicitur.

103 2420 317 2436 -ιι-ι-ι-ιμ--ι

175 2493 209 2542 26
228 2489 326 2558 eyatos
342 2487 370 2542 P
385 2487 472 2542 tiatos
490 2489 532 2557 (os
550 2487 583 2541 in
600 2487 668 2568 ras.)
682 2486 709 2540 V
723 2487 852 2556 cythost
906 2491 941 2541 26
960 2455 1119 2558 petilsuatis

103 2559 128 2627 (t
145 2560 181 2613 al.
200 2562 246 2627 aa)
268 2558 380 2630 Vpetii
401 2557 458 2613 Te
475 2557 678 2628 petitluatis
700 2557 777 2631 VPl
795 2554 821 2612 (l
839 2557 921 2611 Hunc
940 2558 969 2612 P
1031 2563 1065 2612 ‘2⁷
1085 2557 1119 2613 il-

102 2627 158 2684 lico
177 2631 244 2685 labri
261 2630 347 2704 (illico
369 2629 406 2684 V²
423 2630 494 2700 ipr.
512 2631 550 2685 cl.
573 2627 631 2701 Vll
651 2628 778 2699 poeticas
797 2628 899 2683 cabics‘
913 2627 950 2683 V¹
970 2629 974 2694 Ι
996 2627 1073 2702 oppit
1092 2628 1121 2683 P

104 2702 188 2769 caepit
206 2701 250 2772 ΤΙ
273 2702 389 2771 exculpe
408 2701 446 2755 P'
467 2701 612 2769 exculpere
629 2701 760 2770 Iacpdua.
780 2701 847 2769 (noa
868 2699 903 2768 V)
966 2705 1000 2754 29
1020 2699 1055 2754 ad
1074 2700 1118 2772 te]

103 2773 150 2825 ate
169 2772 219 2842 ΡΙ
243 2773 311 2843 fugo
332 2774 360 2828 P
430 2779 465 2828 30
483 2771 626 2842 inpingas]
650 2770 698 2841 Vl
721 2769 888 2840 sphongiam
910 2769 946 2824 V1
970 2771 1119 2840 spongiam

108 2841 209 2898 V‘re
227 2844 400 2913 sphongeam
414 2843 442 2897 P
457 2859 610 2914 spongeam
627 2847 642 2897 t
658 2845 663 2912 Ι
678 2841 877 2914 inperfectum]
899 2841 956 2897 VP
1015 2847 1049 2896 31
1069 2842 1119 2897 ab·

104 2948 197 3004 solbat
215 2949 252 3005 Vl
270 2918 402 3016 absoluat
421 2949 465 3016 ΤΙ
488 2945 513 3002 u
532 2952 574 3004 Ae
589 2949 635 3016 Pl
652 2947 759 3004 nescies
778 2947 945 3020 gloriosum]
964 2947 1120 3018 gloriosum

103 3037 188 3090 neges
208 3021 236 3074 Z
303 3026 337 3076 32
357 3023 454 3090 coptos
473 3021 532 3076 PT
556 3023 560 3091 Ι
584 3021 763 3091 pendendum
781 3021 810 3075 P
831 3022 835 3090 Ι
859 3019 1047 3087 uersusioulos
1069 3017 1096 3074 Τ
1113 3021 1116 3090 l

104 3094 182 3147 ante:
201 3094 230 3147 te
248 3093 280 3146 ia
298 3109 353 3147 raa.
372 3091 400 3146 V
457 3097 492 3146 33
511 3109 579 3147 cene
599 3093 627 3145 P
644 3109 711 3166 epse
729 3093 756 3162 (c
774 3092 810 3146 al.
825 3092 944 3162 praefica.
963 3092 1068 3160 casae)
1095 3091 1122 3144 V

105 3179 179 3218 caeno
201 3164 227 3218 Τ
250 3179 352 3219 coenae
373 3162 400 3217 G
423 3165 428 3231 l
453 3164 566 3236 absolu3
585 3164 614 3218 P
682 3168 717 3218 34
736 3162 784 3230 sit]
808 3179 835 3234 ss
857 3162 883 3216 Τ
906 3165 911 3229 1
935 3160 1087 3234 mallteria:
1106 3165 1120 3217 t

104 3251 173 3290 cras.
197 3236 224 3290 V
293 3233 685 3306 auset]V¹1tuom.V¹
713 3234 792 3288 utP
818 3235 823 3301 Ι
850 3234 950 3303 paulo:
969 3234 1119 3289 loraaura

1 3354 3 3361 ,
104 3307 192 3374 effect.
211 3313 236 3364 et
253 3323 333 3362 recor.
352 3305 394 3375 Vl
412 3306 451 3377 ct]
471 3322 489 3361 a
506 3310 574 3360 sat
629 3311 664 3361 36
683 3304 830 3359 diluciorl
849 3303 959 3360 dulcior
978 3304 1119 3372 Glnam·

105 3379 171 3450 qne]
191 3396 257 3434 nam
278 3378 303 3432 Τ
356 3383 390 3433 37
409 3376 598 3432 absthcmium
617 3377 663 3446 G!
681 3372 707 3429 a
725 3375 824 3444 Neque
842 3376 871 3430 P
927 3381 961 3430 38
980 3375 1028 3444 qui
1045 3375 1121 3444 torte

104 3449 178 3504 bunc
199 3451 225 3505 Τ
252 3448 256 3522 l
286 3451 380 3505 locum
405 3449 439 3518 (l,
457 3465 514 3504 aaa
531 3447 542 3502 i
561 3449 651 3520 longo)
675 3447 702 3501 V
769 3453 803 3501 39
823 3447 984 3518 caperrata]
1007 3445 1118 3530 ml

104 3521 638 3666 &gethuiissi‘ttslriiifecrriciioiffial·
657 3535 737 3575 recor.
762 3518 789 3572 V
848 3523 883 3572 40
902 3534 1123 3575 uonucrnarurm
