<?xml version="1.0" encoding="UTF-8"?>
<!DOCTYPE html PUBLIC "-//W3C//DTD XHTML 1.0 Transitional//EN"
    "http://www.w3.org/TR/xhtml1/DTD/xhtml1-transitional.dtd">
<html xmlns="http://www.w3.org/1999/xhtml" xml:lang="en" lang="en">
 <head>
  <title>
</title>
<meta http-equiv="Content-Type" content="text/html;charset=utf-8" />
  <meta name='ocr-system' content='tesseract 3.04.00' />
  <meta name='ocr-capabilities' content='ocr_page ocr_carea ocr_par ocr_line ocrx_word'/>
</head>
<body>
  <div class='ocr_page' id='page_1' title='image "./decimimagniavso01ausogoog_0169.png"; bbox 0 0 2532 3954; ppageno 0'>
   <div class='ocr_carea' id='block_1_1' title="bbox 534 171 755 235">
    <p class='ocr_par' dir='ltr' id='par_1_1' title="bbox 534 171 755 235">
     <span class='ocr_line' id='line_1_1' title="bbox 534 171 755 235; baseline 0 -19"><span class='ocrx_word' id='word_1_1' title='bbox 534 171 755 235; x_wconf 69' lang='lat'><strong>..32-</strong></span> 
     </span>
    </p>
   </div>
   <div class='ocr_carea' id='block_1_2' title="bbox 140 329 1170 2278">
    <p class='ocr_par' dir='ltr' id='par_1_2' title="bbox 140 329 1170 2278">
     <span class='ocr_line' id='line_1_2' title="bbox 140 329 1129 418; baseline -0.003 -20"><span class='ocrx_word' id='word_1_2' title='bbox 140 333 224 398; x_wconf 86' lang='lat' dir='ltr'>Tum</span> <span class='ocrx_word' id='word_1_3' title='bbox 246 332 421 418; x_wconf 80' lang='lat' dir='ltr'>profugum</span> <span class='ocrx_word' id='word_1_4' title='bbox 445 330 611 414; x_wconf 82' lang='lat' dir='ltr'>interris,</span> <span class='ocrx_word' id='word_1_5' title='bbox 635 351 694 413; x_wconf 91' lang='lat' dir='ltr'>per</span> <span class='ocrx_word' id='word_1_6' title='bbox 717 350 796 413; x_wconf 89' lang='lat' dir='ltr'>quas</span> <span class='ocrx_word' id='word_1_7' title='bbox 821 329 962 414; x_wconf 80' lang='lat' dir='ltr'>erumpit</span> <span class='ocrx_word' id='word_1_8' title='bbox 984 329 1129 396; x_wconf 85' lang='lat' dir='ltr'>Aturrus</span> 
     </span>
     <span class='ocr_line' id='line_1_3' title="bbox 184 419 854 506; baseline -0.009 -19"><span class='ocrx_word' id='word_1_9' title='bbox 184 422 391 506; x_wconf 85' lang='lat' dir='ltr'>Tarbellique</span> <span class='ocrx_word' id='word_1_10' title='bbox 415 419 504 484; x_wconf 86' lang='lat' dir='ltr'>furor</span> <span class='ocrx_word' id='word_1_11' title='bbox 527 419 704 504; x_wconf 70' lang='lat' dir='ltr'>perstrepit</span> <span class='ocrx_word' id='word_1_12' title='bbox 729 421 854 502; x_wconf 78' lang='lat' dir='ltr'>oceani,</span> 
     </span>
     <span class='ocr_line' id='line_1_4' title="bbox 140 507 932 591; baseline -0.006 -15"><span class='ocrx_word' id='word_1_13' title='bbox 140 510 330 576; x_wconf 85' lang='lat' dir='ltr'>Grassantis</span> <span class='ocrx_word' id='word_1_14' title='bbox 354 510 474 574; x_wconf 90' lang='lat' dir='ltr'>dudum</span> <span class='ocrx_word' id='word_1_15' title='bbox 497 507 646 573; x_wconf 88' lang='lat' dir='ltr'>fortunae</span> <span class='ocrx_word' id='word_1_16' title='bbox 669 509 735 572; x_wconf 90' lang='lat' dir='ltr'>tela</span> <span class='ocrx_word' id='word_1_17' title='bbox 758 511 932 591; x_wconf 87' lang='lat' dir='ltr'>pauentem</span> 
     </span>
     <span class='ocr_line' id='line_1_5' title="bbox 184 596 875 684; baseline -0.007 -19"><span class='ocrx_word' id='word_1_18' title='bbox 184 600 341 684; x_wconf 76' lang='lat' dir='ltr'>Pauperis</span> <span class='ocrx_word' id='word_1_19' title='bbox 364 598 523 662; x_wconf 86' lang='lat' dir='ltr'>Aemiliae</span> <span class='ocrx_word' id='word_1_20' title='bbox 547 596 694 662; x_wconf 80' lang='lat' dir='ltr'>condicio</span> <span class='ocrx_word' id='word_1_21' title='bbox 717 596 875 679; x_wconf 70' lang='lat' dir='ltr'>inplicuit.</span> 
     </span>
     <span class='ocr_line' id='line_1_6' title="bbox 140 684 1164 771; baseline -0.003 -17"><span class='ocrx_word' id='word_1_22' title='bbox 140 689 217 754; x_wconf 87' lang='lat' dir='ltr'>Mox</span> <span class='ocrx_word' id='word_1_23' title='bbox 240 689 346 753; x_wconf 90' lang='lat' dir='ltr'>tenuis</span> <span class='ocrx_word' id='word_1_24' title='bbox 370 689 473 753; x_wconf 89' lang='lat' dir='ltr'>multo</span> <span class='ocrx_word' id='word_1_25' title='bbox 498 687 644 771; x_wconf 87' lang='lat' dir='ltr'>quaesita</span> <span class='ocrx_word' id='word_1_26' title='bbox 667 685 804 770; x_wconf 77' lang='lat' dir='ltr'>pecunia</span> <span class='ocrx_word' id='word_1_27' title='bbox 828 684 903 749; x_wconf 89' lang='lat' dir='ltr'>nisu</span> <span class='ocrx_word' id='word_1_28' title='bbox 1127 703 1164 752; x_wconf 84' lang='lat'>15</span> 
     </span>
     <span class='ocr_line' id='line_1_7' title="bbox 186 773 858 860; baseline -0.007 -17"><span class='ocrx_word' id='word_1_29' title='bbox 186 775 339 843; x_wconf 79' lang='lat' dir='ltr'>Solamen</span> <span class='ocrx_word' id='word_1_30' title='bbox 361 777 462 860; x_wconf 84' lang='lat' dir='ltr'>fesso,</span> <span class='ocrx_word' id='word_1_31' title='bbox 485 797 552 841; x_wconf 90' lang='lat' dir='ltr'>non</span> <span class='ocrx_word' id='word_1_32' title='bbox 575 779 608 840; x_wconf 91' lang='lat' dir='ltr'>et</span> <span class='ocrx_word' id='word_1_33' title='bbox 630 795 708 858; x_wconf 86' lang='lat' dir='ltr'>opes</span> <span class='ocrx_word' id='word_1_34' title='bbox 731 773 858 839; x_wconf 89' lang='lat' dir='ltr'>tribuit.</span> 
     </span>
     <span class='ocr_line' id='line_1_8' title="bbox 141 862 898 932; baseline -0.008 0"><span class='ocrx_word' id='word_1_35' title='bbox 141 867 190 931; x_wconf 82' lang='lat' dir='ltr'>Tu</span> <span class='ocrx_word' id='word_1_36' title='bbox 214 868 296 932; x_wconf 84' lang='lat' dir='ltr'>eseli</span> <span class='ocrx_word' id='word_1_37' title='bbox 319 887 472 931; x_wconf 89' lang='lat' dir='ltr'>numeros</span> <span class='ocrx_word' id='word_1_38' title='bbox 497 867 530 930; x_wconf 86' lang='lat' dir='ltr'>et</span> <span class='ocrx_word' id='word_1_39' title='bbox 553 865 683 929; x_wconf 77' lang='lat' dir='ltr'>oonseia</span> <span class='ocrx_word' id='word_1_40' title='bbox 704 863 814 929; x_wconf 84' lang='lat' dir='ltr'>sidere</span> <span class='ocrx_word' id='word_1_41' title='bbox 838 862 898 927; x_wconf 84' lang='lat' dir='ltr'>fati</span> 
     </span>
     <span class='ocr_line' id='line_1_9' title="bbox 186 953 903 1037; baseline -0.004 -16"><span class='ocrx_word' id='word_1_42' title='bbox 186 955 336 1022; x_wconf 82' lang='lat' dir='ltr'>Oallebas</span> <span class='ocrx_word' id='word_1_43' title='bbox 362 955 505 1020; x_wconf 88' lang='lat' dir='ltr'>studium</span> <span class='ocrx_word' id='word_1_44' title='bbox 527 953 770 1018; x_wconf 81' lang='lat' dir='ltr'>dissimulanter</span> <span class='ocrx_word' id='word_1_45' title='bbox 794 973 903 1037; x_wconf 85' lang='lat' dir='ltr'>agens</span> 
     </span>
     <span class='ocr_line' id='line_1_10' title="bbox 141 1039 1035 1129; baseline -0.007 -19"><span class='ocrx_word' id='word_1_46' title='bbox 141 1043 250 1110; x_wconf 92' lang='lat' dir='ltr'>Non</span> <span class='ocrx_word' id='word_1_47' title='bbox 241 1042 594 1129; x_wconf 86' lang='lat' dir='ltr'>1gnotatatibinostrae</span> <span class='ocrx_word' id='word_1_48' title='bbox 617 1063 743 1126; x_wconf 87' lang='lat' dir='ltr'>quoque</span> <span class='ocrx_word' id='word_1_49' title='bbox 767 1041 908 1107; x_wconf 85' lang='lat' dir='ltr'>formula</span> <span class='ocrx_word' id='word_1_50' title='bbox 931 1039 1035 1124; x_wconf 85' lang='lat' dir='ltr'>uitae,</span> 
     </span>
     <span class='ocr_line' id='line_1_11' title="bbox 187 1131 1165 1219; baseline -0.002 -21"><span class='ocrx_word' id='word_1_51' title='bbox 187 1132 332 1219; x_wconf 80' lang='lat' dir='ltr'>Signatis</span> <span class='ocrx_word' id='word_1_52' title='bbox 357 1154 454 1217; x_wconf 87' lang='lat' dir='ltr'>quam</span> <span class='ocrx_word' id='word_1_53' title='bbox 476 1137 513 1196; x_wconf 92' lang='lat' dir='ltr'>tu</span> <span class='ocrx_word' id='word_1_54' title='bbox 537 1131 766 1197; x_wconf 80' lang='lat' dir='ltr'>condiderast</span> <span class='ocrx_word' id='word_1_55' title='bbox 751 1131 886 1214; x_wconf 86' lang='lat' dir='ltr'>tabulis,</span> <span class='ocrx_word' id='word_1_56' title='bbox 1126 1147 1165 1196; x_wconf 87' lang='grc' dir='ltr'>2ο</span> 
     </span>
     <span class='ocr_line' id='line_1_12' title="bbox 141 1218 1024 1305; baseline -0.002 -19"><span class='ocrx_word' id='word_1_57' title='bbox 141 1222 275 1287; x_wconf 89' lang='lat' dir='ltr'>Prodita</span> <span class='ocrx_word' id='word_1_58' title='bbox 298 1243 363 1287; x_wconf 91' lang='lat' dir='ltr'>non</span> <span class='ocrx_word' id='word_1_59' title='bbox 386 1243 552 1305; x_wconf 81' lang='lat' dir='ltr'>umquam3</span> <span class='ocrx_word' id='word_1_60' title='bbox 576 1220 632 1284; x_wconf 87' lang='lat' dir='ltr'>sed</span> <span class='ocrx_word' id='word_1_61' title='bbox 655 1221 770 1285; x_wconf 86' lang='lat' dir='ltr'>matris</span> <span class='ocrx_word' id='word_1_62' title='bbox 794 1242 871 1284; x_wconf 86' lang='lat' dir='ltr'>eura</span> <span class='ocrx_word' id='word_1_63' title='bbox 894 1218 1024 1301; x_wconf 76' lang='lat' dir='ltr'>relaxit,</span> 
     </span>
     <span class='ocr_line' id='line_1_13' title="bbox 187 1309 899 1410; baseline -0.004 -35"><span class='ocrx_word' id='word_1_64' title='bbox 187 1310 305 1376; x_wconf 83' lang='lat' dir='ltr'>Sedula</span> <span class='ocrx_word' id='word_1_65' title='bbox 331 1332 428 1395; x_wconf 90' lang='lat' dir='ltr'>quam</span> <span class='ocrx_word' id='word_1_66' title='bbox 451 1310 559 1375; x_wconf 89' lang='lat' dir='ltr'>timidi</span> <span class='ocrx_word' id='word_1_67' title='bbox 582 1331 658 1374; x_wconf 87' lang='lat' dir='ltr'>oure</span> <span class='ocrx_word' id='word_1_68' title='bbox 681 1309 814 1410; x_wconf 81' lang='lat' dir='ltr'>tegebat</span> <span class='ocrx_word' id='word_1_69' title='bbox 836 1309 899 1373; x_wconf 87' lang='lat' dir='ltr'>aui.</span> 
     </span>
     <span class='ocr_line' id='line_1_14' title="bbox 142 1397 969 1481; baseline -0.005 -16"><span class='ocrx_word' id='word_1_70' title='bbox 142 1400 191 1465; x_wconf 79' lang='lat' dir='ltr'>&#39;Pu</span> <span class='ocrx_word' id='word_1_71' title='bbox 214 1400 328 1465; x_wconf 86' lang='lat' dir='ltr'>nonies</span> <span class='ocrx_word' id='word_1_72' title='bbox 352 1401 452 1464; x_wconf 88' lang='lat' dir='ltr'>denos</span> <span class='ocrx_word' id='word_1_73' title='bbox 476 1400 525 1463; x_wconf 92' lang='lat' dir='ltr'>uit</span> <span class='ocrx_word' id='word_1_74' title='bbox 526 1421 579 1463; x_wconf 86' lang='lat' dir='ltr'>am</span> <span class='ocrx_word' id='word_1_75' title='bbox 603 1420 675 1462; x_wconf 90' lang='lat' dir='ltr'>oum</span> <span class='ocrx_word' id='word_1_76' title='bbox 698 1397 828 1463; x_wconf 87' lang='lat' dir='ltr'>duxeris</span> <span class='ocrx_word' id='word_1_77' title='bbox 852 1419 969 1481; x_wconf 84' lang='lat' dir='ltr'>annos,</span> 
     </span>
     <span class='ocr_line' id='line_1_15' title="bbox 186 1485 848 1572; baseline -0.005 -19"><span class='ocrx_word' id='word_1_78' title='bbox 186 1489 349 1572; x_wconf 85' lang='lat' dir='ltr'>Expertus</span> <span class='ocrx_word' id='word_1_79' title='bbox 372 1487 460 1553; x_wconf 82' lang='lat' dir='ltr'>Fert</span> <span class='ocrx_word' id='word_1_80' title='bbox 437 1492 479 1552; x_wconf 87' lang='lat' dir='ltr'>trs</span> <span class='ocrx_word' id='word_1_81' title='bbox 502 1488 569 1553; x_wconf 89' lang='lat' dir='ltr'>tela</span> <span class='ocrx_word' id='word_1_82' title='bbox 592 1486 734 1552; x_wconf 77' lang='lat' dir='ltr'>cauenda</span> <span class='ocrx_word' id='word_1_83' title='bbox 758 1485 848 1565; x_wconf 89' lang='lat' dir='ltr'>deas,</span> 
     </span>
     <span class='ocr_line' id='line_1_16' title="bbox 142 1576 1164 1662; baseline 0.001 -22"><span class='ocrx_word' id='word_1_84' title='bbox 142 1578 310 1643; x_wconf 84' lang='lat' dir='ltr'>Amissum</span> <span class='ocrx_word' id='word_1_85' title='bbox 334 1577 421 1642; x_wconf 87' lang='lat' dir='ltr'>flesti</span> <span class='ocrx_word' id='word_1_86' title='bbox 443 1598 501 1662; x_wconf 90' lang='lat' dir='ltr'>per</span> <span class='ocrx_word' id='word_1_87' title='bbox 523 1576 611 1641; x_wconf 86' lang='lat' dir='ltr'>trina</span> <span class='ocrx_word' id='word_1_88' title='bbox 634 1576 789 1641; x_wconf 84' lang='lat' dir='ltr'>decennia</span> <span class='ocrx_word' id='word_1_89' title='bbox 812 1577 926 1639; x_wconf 88' lang='lat' dir='ltr'>natum</span> <span class='ocrx_word' id='word_1_90' title='bbox 1126 1592 1164 1642; x_wconf 77' lang='lat'>25</span> 
     </span>
     <span class='ocr_line' id='line_1_17' title="bbox 188 1665 894 1732; baseline -0.004 -1"><span class='ocrx_word' id='word_1_91' title='bbox 188 1666 335 1732; x_wconf 82' lang='lat' dir='ltr'>Saucius:</span> <span class='ocrx_word' id='word_1_92' title='bbox 358 1666 421 1730; x_wconf 87' lang='lat' dir='ltr'>hoe</span> <span class='ocrx_word' id='word_1_93' title='bbox 444 1665 510 1730; x_wconf 89' lang='lat' dir='ltr'>leto</span> <span class='ocrx_word' id='word_1_94' title='bbox 533 1665 656 1730; x_wconf 89' lang='lat' dir='ltr'>lumine</span> <span class='ocrx_word' id='word_1_95' title='bbox 680 1685 790 1730; x_wconf 87' lang='lat' dir='ltr'>oassus</span> <span class='ocrx_word' id='word_1_96' title='bbox 814 1686 894 1728; x_wconf 89' lang='lat' dir='ltr'>eras.</span> 
     </span>
     <span class='ocr_line' id='line_1_18' title="bbox 143 1754 832 1839; baseline -0.003 -20"><span class='ocrx_word' id='word_1_97' title='bbox 143 1755 281 1820; x_wconf 85' lang='lat' dir='ltr'>Dicebas</span> <span class='ocrx_word' id='word_1_98' title='bbox 306 1755 361 1819; x_wconf 90' lang='lat' dir='ltr'>sed</span> <span class='ocrx_word' id='word_1_99' title='bbox 385 1757 417 1818; x_wconf 87' lang='lat' dir='ltr'>te</span> <span class='ocrx_word' id='word_1_100' title='bbox 442 1755 562 1819; x_wconf 81' lang='lat' dir='ltr'>solacia</span> <span class='ocrx_word' id='word_1_101' title='bbox 585 1754 686 1839; x_wconf 80' lang='lat' dir='ltr'>longa</span> <span class='ocrx_word' id='word_1_102' title='bbox 708 1754 832 1837; x_wconf 86' lang='lat' dir='ltr'>fouere,</span> 
     </span>
     <span class='ocr_line' id='line_1_19' title="bbox 189 1841 991 1926; baseline 0 -19"><span class='ocrx_word' id='word_1_103' title='bbox 189 1843 280 1918; x_wconf 82' lang='lat' dir='ltr'>Quod</span> <span class='ocrx_word' id='word_1_104' title='bbox 305 1865 377 1908; x_wconf 89' lang='lat' dir='ltr'>mea</span> <span class='ocrx_word' id='word_1_105' title='bbox 400 1844 593 1926; x_wconf 85' lang='lat' dir='ltr'>praecipuus</span> <span class='ocrx_word' id='word_1_106' title='bbox 616 1844 685 1908; x_wconf 86' lang='lat' dir='ltr'>fata</span> <span class='ocrx_word' id='word_1_107' title='bbox 708 1845 856 1908; x_wconf 89' lang='lat' dir='ltr'>maneret</span> <span class='ocrx_word' id='word_1_108' title='bbox 877 1841 991 1907; x_wconf 88' lang='lat' dir='ltr'>honos.</span> 
     </span>
     <span class='ocr_line' id='line_1_20' title="bbox 143 1931 975 2014; baseline -0.004 -17"><span class='ocrx_word' id='word_1_109' title='bbox 143 1932 188 1997; x_wconf 78' lang='lat' dir='ltr'>ut</span> <span class='ocrx_word' id='word_1_110' title='bbox 210 1932 306 1998; x_wconf 91' lang='lat' dir='ltr'>modo</span> <span class='ocrx_word' id='word_1_111' title='bbox 330 1931 476 1998; x_wconf 80' lang='lat' dir='ltr'>consiliis</span> <span class='ocrx_word' id='word_1_112' title='bbox 501 1933 681 1997; x_wconf 90' lang='lat' dir='ltr'>animarum</span> <span class='ocrx_word' id='word_1_113' title='bbox 705 1932 804 1996; x_wconf 85' lang='lat' dir='ltr'>mixte</span> <span class='ocrx_word' id='word_1_114' title='bbox 828 1931 975 2014; x_wconf 87' lang='lat' dir='ltr'>priorum</span> 
     </span>
     <span class='ocr_line' id='line_1_21' title="bbox 187 2019 1170 2106; baseline 0.002 -20"><span class='ocrx_word' id='word_1_115' title='bbox 187 2021 270 2087; x_wconf 81' lang='lat' dir='ltr'>Fata</span> <span class='ocrx_word' id='word_1_116' title='bbox 293 2022 340 2085; x_wconf 89' lang='lat' dir='ltr'>tui</span> <span class='ocrx_word' id='word_1_117' title='bbox 364 2024 450 2086; x_wconf 88' lang='lat' dir='ltr'>oerte</span> <span class='ocrx_word' id='word_1_118' title='bbox 474 2025 554 2086; x_wconf 85' lang='lat' dir='ltr'>nota</span> <span class='ocrx_word' id='word_1_119' title='bbox 576 2023 706 2106; x_wconf 89' lang='lat' dir='ltr'>nepotis</span> <span class='ocrx_word' id='word_1_120' title='bbox 729 2021 840 2085; x_wconf 88' lang='lat' dir='ltr'>habes.</span> <span class='ocrx_word' id='word_1_121' title='bbox 1130 2019 1170 2088; x_wconf 39' lang='lat'>30*</span> 
     </span>
     <span class='ocr_line' id='line_1_22' title="bbox 144 2107 1106 2195; baseline -0.001 -20"><span class='ocrx_word' id='word_1_122' title='bbox 144 2109 266 2195; x_wconf 84' lang='lat' dir='ltr'>Sentis,</span> <span class='ocrx_word' id='word_1_123' title='bbox 290 2109 376 2195; x_wconf 90' lang='lat' dir='ltr'>quod</span> <span class='ocrx_word' id='word_1_124' title='bbox 400 2115 567 2195; x_wconf 87' lang='lat' dir='ltr'>quaestor,</span> <span class='ocrx_word' id='word_1_125' title='bbox 591 2111 677 2194; x_wconf 90' lang='lat' dir='ltr'>quod</span> <span class='ocrx_word' id='word_1_126' title='bbox 700 2112 733 2174; x_wconf 89' lang='lat' dir='ltr'>te</span> <span class='ocrx_word' id='word_1_127' title='bbox 756 2108 938 2194; x_wconf 76' lang='lat' dir='ltr'>praefectus</span> <span class='ocrx_word' id='word_1_128' title='bbox 963 2113 995 2173; x_wconf 91' lang='lat' dir='ltr'>et</span> <span class='ocrx_word' id='word_1_129' title='bbox 1018 2107 1106 2174; x_wconf 89' lang='lat' dir='ltr'>idem</span> 
     </span>
     <span class='ocr_line' id='line_1_23' title="bbox 188 2197 909 2278; baseline -0.003 -13"><span class='ocrx_word' id='word_1_130' title='bbox 188 2197 309 2265; x_wconf 82' lang='lat' dir='ltr'>Consul</span> <span class='ocrx_word' id='word_1_131' title='bbox 332 2199 514 2278; x_wconf 83' lang='lat' dir='ltr'>honorifice</span> <span class='ocrx_word' id='word_1_132' title='bbox 539 2221 670 2264; x_wconf 89' lang='lat' dir='ltr'>munere</span> <span class='ocrx_word' id='word_1_133' title='bbox 694 2220 909 2265; x_wconf 83' lang='lat' dir='ltr'>commemoro.</span> 
     </span>
    </p>
   </div>
   <div class='ocr_carea' id='block_1_3' title="bbox 90 2406 998 2478">
    <p class='ocr_par' dir='ltr' id='par_1_3' title="bbox 90 2406 998 2478">
     <span class='ocr_line' id='line_1_24' title="bbox 90 2406 998 2478; baseline -0.004 -10"><span class='ocrx_word' id='word_1_134' title='bbox 90 2430 148 2478; x_wconf 72' lang='grc' dir='ltr'>[ιιι]</span> <span class='ocrx_word' id='word_1_135' title='bbox 295 2408 328 2464; x_wconf 91' lang='lat' dir='ltr'>V.</span> <span class='ocrx_word' id='word_1_136' title='bbox 356 2408 511 2464; x_wconf 80' lang='lat' dir='ltr'><strong>AEMILIA</strong></span> <span class='ocrx_word' id='word_1_137' title='bbox 531 2407 733 2464; x_wconf 78' lang='lat' dir='ltr'><strong>CORINTHIA</strong></span> <span class='ocrx_word' id='word_1_138' title='bbox 751 2408 882 2464; x_wconf 84' lang='lat' dir='ltr'>MAVRA</span> <span class='ocrx_word' id='word_1_139' title='bbox 900 2406 998 2464; x_wconf 90' lang='lat' dir='ltr'>AVIA.</span> 
     </span>
    </p>
   </div>
   <div class='ocr_carea' id='block_1_4' title="bbox 142 2536 1118 2798">
    <p class='ocr_par' dir='ltr' id='par_1_4' title="bbox 142 2536 1118 2798">
     <span class='ocr_line' id='line_1_25' title="bbox 143 2536 1007 2621; baseline -0.001 -20"><span class='ocrx_word' id='word_1_140' title='bbox 143 2537 317 2601; x_wconf 82' lang='lat' dir='ltr'>Aemiliam</span> <span class='ocrx_word' id='word_1_141' title='bbox 341 2558 427 2601; x_wconf 88' lang='lat' dir='ltr'>nuno</span> <span class='ocrx_word' id='word_1_142' title='bbox 450 2536 518 2601; x_wconf 90' lang='lat' dir='ltr'>fare</span> <span class='ocrx_word' id='word_1_143' title='bbox 542 2536 662 2619; x_wconf 84' lang='lat' dir='ltr'>auiam,</span> <span class='ocrx_word' id='word_1_144' title='bbox 686 2537 741 2621; x_wconf 91' lang='lat' dir='ltr'>pia</span> <span class='ocrx_word' id='word_1_145' title='bbox 765 2558 842 2601; x_wconf 88' lang='lat' dir='ltr'>eura</span> <span class='ocrx_word' id='word_1_146' title='bbox 864 2536 1007 2621; x_wconf 85' lang='lat' dir='ltr'>nepotis,</span> 
     </span>
     <span class='ocr_line' id='line_1_26' title="bbox 189 2623 889 2710; baseline 0 -20"><span class='ocrx_word' id='word_1_147' title='bbox 189 2623 338 2691; x_wconf 79' lang='lat' dir='ltr'>Coniunx</span> <span class='ocrx_word' id='word_1_148' title='bbox 361 2625 524 2709; x_wconf 83' lang='lat' dir='ltr'>praedicto</span> <span class='ocrx_word' id='word_1_149' title='bbox 549 2646 630 2710; x_wconf 90' lang='lat' dir='ltr'>quae</span> <span class='ocrx_word' id='word_1_150' title='bbox 654 2627 717 2690; x_wconf 86' lang='lat' dir='ltr'>fuit</span> <span class='ocrx_word' id='word_1_151' title='bbox 739 2625 889 2690; x_wconf 83' lang='lat' dir='ltr'>Arborio.</span> 
     </span>
     <span class='ocr_line' id='line_1_27' title="bbox 142 2713 1118 2798; baseline 0.001 -19"><span class='ocrx_word' id='word_1_152' title='bbox 142 2713 271 2779; x_wconf 90' lang='lat' dir='ltr'>Nomen</span> <span class='ocrx_word' id='word_1_153' title='bbox 294 2715 369 2779; x_wconf 89' lang='lat' dir='ltr'>huie</span> <span class='ocrx_word' id='word_1_154' title='bbox 392 2715 534 2780; x_wconf 81' lang='lat' dir='ltr'>ioculare</span> <span class='ocrx_word' id='word_1_155' title='bbox 558 2714 614 2780; x_wconf 87' lang='lat' dir='ltr'>dat</span> <span class='ocrx_word' id='word_1_156' title='bbox 600 2719 684 2779; x_wconf 88' lang='lat' dir='ltr'>tum:</span> <span class='ocrx_word' id='word_1_157' title='bbox 714 2720 786 2780; x_wconf 88' lang='lat' dir='ltr'>oute</span> <span class='ocrx_word' id='word_1_158' title='bbox 808 2714 901 2780; x_wconf 90' lang='lat' dir='ltr'>fusoa</span> <span class='ocrx_word' id='word_1_159' title='bbox 926 2714 1011 2798; x_wconf 88' lang='lat' dir='ltr'>quod</span> <span class='ocrx_word' id='word_1_160' title='bbox 1036 2715 1118 2780; x_wconf 90' lang='lat' dir='ltr'>olim</span> 
     </span>
    </p>
   </div>
   <div class='ocr_carea' id='block_1_5' title="bbox 142 2888 1173 3388">
    <p class='ocr_par' dir='ltr' id='par_1_5' title="bbox 142 2771 1255 3033">
     <span class='ocr_line' id='line_1_28' title="bbox 216 2888 1167 2960; baseline 0.003 -17"><span class='ocrx_word' id='word_1_161' title='bbox 216 2895 248 2944; x_wconf 78' lang='lat'>18</span> <span class='ocrx_word' id='word_1_162' title='bbox 268 2891 427 2959; x_wconf 78' lang='lat' dir='ltr'>grassantes</span> <span class='ocrx_word' id='word_1_163' title='bbox 452 2889 479 2944; x_wconf 96' lang='lat' dir='ltr'><strong><em>V</em></strong></span> <span class='ocrx_word' id='word_1_164' title='bbox 494 2905 563 2944; x_wconf 83' lang='lat' dir='ltr'>corr.</span> <span class='ocrx_word' id='word_1_165' title='bbox 582 2889 714 2960; x_wconf 72' lang='lat' dir='ltr'>Luqauu.</span> <span class='ocrx_word' id='word_1_166' title='bbox 735 2890 781 2960; x_wconf 81' lang='lat' dir='ltr'>lp</span> <span class='ocrx_word' id='word_1_167' title='bbox 784 2890 915 2944; x_wconf 85' lang='lat' dir='ltr'>abentem</span> <span class='ocrx_word' id='word_1_168' title='bbox 939 2888 967 2942; x_wconf 91' lang='lat' dir='ltr'><strong><em>V</em></strong></span> <span class='ocrx_word' id='word_1_169' title='bbox 1038 2895 1072 2944; x_wconf 82' lang='lat'>14</span> <span class='ocrx_word' id='word_1_170' title='bbox 1092 2891 1167 2946; x_wconf 89' lang='lat' dir='ltr'>emi·</span> 
     </span>
     <span class='ocr_line' id='line_1_29' title="bbox 142 2908 1167 3033; baseline 0.005 -20"><span class='ocrx_word' id='word_1_171' title='bbox 142 2959 180 3014; x_wconf 91' lang='lat' dir='ltr'>lie</span> <span class='ocrx_word' id='word_1_172' title='bbox 202 2959 230 3013; x_wconf 91' lang='lat' dir='ltr'><strong><em>V</em></strong></span> <span class='ocrx_word' id='word_1_173' title='bbox 281 2965 313 3015; x_wconf 87' lang='grc'>16</span> <span class='ocrx_word' id='word_1_174' title='bbox 333 2961 406 3016; x_wconf 88' lang='lat' dir='ltr'>fesso</span> <span class='ocrx_word' id='word_1_175' title='bbox 425 2961 558 3033; x_wconf 76' lang='lat' dir='ltr'>Lupduu.</span> <span class='ocrx_word' id='word_1_176' title='bbox 577 2961 652 3016; x_wconf 89' lang='lat' dir='ltr'>ferro</span> <span class='ocrx_word' id='word_1_177' title='bbox 678 2960 704 3014; x_wconf 92' lang='lat' dir='ltr'><strong><em>V</em></strong></span> <span class='ocrx_word' id='word_1_178' title='bbox 758 2908 790 3016; x_wconf 68' lang='lat' dir='ltr'>lp?</span> <span class='ocrx_word' id='word_1_179' title='bbox 810 2961 877 3015; x_wconf 87' lang='lat' dir='ltr'>fatis</span> <span class='ocrx_word' id='word_1_180' title='bbox 900 2959 927 3015; x_wconf 90' lang='lat' dir='ltr'><strong><em>V</em></strong></span> <span class='ocrx_word' id='word_1_181' title='bbox 942 2977 1011 3017; x_wconf 77' lang='lat' dir='ltr'>corr.</span> <span class='ocrx_word' id='word_1_182' title='bbox 1026 2961 1075 3016; x_wconf 87' lang='lat' dir='ltr'>Lu</span> <span class='ocrx_word' id='word_1_183' title='bbox 1075 2965 1167 3032; x_wconf 72' lang='lat' dir='ltr'>9.duu</span> 
     </span>
    </p>

    <p class='ocr_par' dir='ltr' id='par_1_6' title="bbox 142 2979 1173 3174">
     <span class='ocr_line' id='line_1_30' title="bbox 198 2979 1173 3104; baseline 0.003 -18"><span class='ocrx_word' id='word_1_184' title='bbox 198 3031 258 3086; x_wconf 83' lang='lat' dir='ltr'>lei</span> <span class='ocrx_word' id='word_1_185' title='bbox 260 3031 416 3104; x_wconf 66' lang='lat' dir='ltr'>gnolltaV</span> <span class='ocrx_word' id='word_1_186' title='bbox 484 3038 516 3087; x_wconf 89' lang='grc'>21</span> <span class='ocrx_word' id='word_1_187' title='bbox 537 3049 606 3088; x_wconf 92' lang='lat' dir='ltr'>non</span> <span class='ocrx_word' id='word_1_188' title='bbox 626 3034 674 3088; x_wconf 85' lang='lat' dir='ltr'>ult</span> <span class='ocrx_word' id='word_1_189' title='bbox 694 3033 836 3088; x_wconf 69' lang='lat' dir='ltr'>neuras.</span> <span class='ocrx_word' id='word_1_190' title='bbox 855 3033 892 3087; x_wconf 86' lang='lat' dir='ltr'>al.</span> <span class='ocrx_word' id='word_1_191' title='bbox 918 2979 1117 3101; x_wconf 80' lang='lat' dir='ltr'>Vlinatris</span> <span class='ocrx_word' id='word_1_192' title='bbox 1143 3035 1173 3089; x_wconf 90' lang='lat' dir='ltr'><strong><em>V</em></strong></span> 
     </span>
     <span class='ocr_line' id='line_1_31' title="bbox 142 3103 1171 3175; baseline 0.001 -16"><span class='ocrx_word' id='word_1_193' title='bbox 142 3119 212 3159; x_wconf 79' lang='lat' dir='ltr'>corr.</span> <span class='ocrx_word' id='word_1_194' title='bbox 232 3103 362 3158; x_wconf 78' lang='lat' dir='ltr'>Pithoeus</span> <span class='ocrx_word' id='word_1_195' title='bbox 421 3108 455 3158; x_wconf 89' lang='grc'>22</span> <span class='ocrx_word' id='word_1_196' title='bbox 475 3105 551 3174; x_wconf 87' lang='lat' dir='ltr'>qued</span> <span class='ocrx_word' id='word_1_197' title='bbox 570 3105 704 3158; x_wconf 80' lang='lat' dir='ltr'>Heinsius</span> <span class='ocrx_word' id='word_1_198' title='bbox 723 3121 778 3172; x_wconf 88' lang='lat' dir='ltr'>quo</span> <span class='ocrx_word' id='word_1_199' title='bbox 803 3103 847 3172; x_wconf 79' lang='lat' dir='ltr'>Vl</span> <span class='ocrx_word' id='word_1_200' title='bbox 870 3103 916 3159; x_wconf 89' lang='lat' dir='ltr'>aui</span> <span class='ocrx_word' id='word_1_201' title='bbox 935 3104 982 3158; x_wconf 80' lang='lat' dir='ltr'>Du</span> <span class='ocrx_word' id='word_1_202' title='bbox 981 3105 1066 3175; x_wconf 76' lang='lat' dir='ltr'>y.duu</span> <span class='ocrx_word' id='word_1_203' title='bbox 1087 3106 1120 3160; x_wconf 89' lang='lat' dir='ltr'>ui</span> <span class='ocrx_word' id='word_1_204' title='bbox 1142 3107 1171 3160; x_wconf 91' lang='lat' dir='ltr'><strong><em>V</em></strong></span> 
     </span>
    </p>

    <p class='ocr_par' dir='ltr' id='par_1_7' title="bbox 142 3174 1168 3388">
     <span class='ocr_line' id='line_1_32' title="bbox 196 3174 1168 3247; baseline 0.003 -18"><span class='ocrx_word' id='word_1_205' title='bbox 196 3181 230 3229; x_wconf 86' lang='grc'>23</span> <span class='ocrx_word' id='word_1_206' title='bbox 249 3175 347 3230; x_wconf 86' lang='lat' dir='ltr'>nobies</span> <span class='ocrx_word' id='word_1_207' title='bbox 372 3174 416 3246; x_wconf 79' lang='lat' dir='ltr'>Vl</span> <span class='ocrx_word' id='word_1_208' title='bbox 432 3175 508 3230; x_wconf 88' lang='lat' dir='ltr'>uitae</span> <span class='ocrx_word' id='word_1_209' title='bbox 527 3177 587 3230; x_wconf 76' lang='lat' dir='ltr'>Aut</span> <span class='ocrx_word' id='word_1_210' title='bbox 602 3180 606 3244; x_wconf 85' lang='grc' dir='ltr'>Ι</span> <span class='ocrx_word' id='word_1_211' title='bbox 623 3193 709 3245; x_wconf 88' lang='lat' dir='ltr'>quum</span> <span class='ocrx_word' id='word_1_212' title='bbox 727 3175 754 3229; x_wconf 88' lang='lat' dir='ltr'><strong><em>V</em></strong></span> <span class='ocrx_word' id='word_1_213' title='bbox 811 3180 846 3229; x_wconf 85' lang='grc'>24</span> <span class='ocrx_word' id='word_1_214' title='bbox 866 3175 949 3247; x_wconf 85' lang='lat' dir='ltr'>deae]</span> <span class='ocrx_word' id='word_1_215' title='bbox 969 3176 1022 3230; x_wconf 85' lang='lat' dir='ltr'>dae</span> <span class='ocrx_word' id='word_1_216' title='bbox 1046 3176 1074 3230; x_wconf 90' lang='lat' dir='ltr'><strong><em>V</em></strong></span> <span class='ocrx_word' id='word_1_217' title='bbox 1091 3194 1168 3233; x_wconf 80' lang='lat' dir='ltr'>corr.</span> 
     </span>
     <span class='ocr_line' id='line_1_33' title="bbox 142 3245 1140 3319; baseline 0.001 -18"><span class='ocrx_word' id='word_1_218' title='bbox 142 3245 273 3316; x_wconf 74' lang='lat' dir='ltr'>Lupduu</span> <span class='ocrx_word' id='word_1_219' title='bbox 329 3251 362 3300; x_wconf 80' lang='lat'>25</span> <span class='ocrx_word' id='word_1_220' title='bbox 381 3246 456 3302; x_wconf 87' lang='lat' dir='ltr'>flesti</span> <span class='ocrx_word' id='word_1_221' title='bbox 470 3247 638 3319; x_wconf 76' lang='lat' dir='ltr'>SealeperI,</span> <span class='ocrx_word' id='word_1_222' title='bbox 653 3247 739 3303; x_wconf 73' lang='lat' dir='ltr'>&amp;flet</span> <span class='ocrx_word' id='word_1_223' title='bbox 740 3266 758 3301; x_wconf 92' lang='lat' dir='ltr'>u</span> <span class='ocrx_word' id='word_1_224' title='bbox 778 3246 822 3315; x_wconf 78' lang='lat' dir='ltr'>Vl</span> <span class='ocrx_word' id='word_1_225' title='bbox 838 3262 889 3316; x_wconf 88' lang='lat' dir='ltr'>per</span> <span class='ocrx_word' id='word_1_226' title='bbox 905 3245 1042 3318; x_wconf 79' lang='lat' dir='ltr'>Peiparp</span> <span class='ocrx_word' id='word_1_227' title='bbox 1044 3250 1091 3303; x_wconf 87' lang='lat' dir='ltr'>ost</span> <span class='ocrx_word' id='word_1_228' title='bbox 1111 3249 1140 3302; x_wconf 91' lang='lat' dir='ltr'><strong><em>V</em></strong></span> 
     </span>
     <span class='ocr_line' id='line_1_34' title="bbox 142 3317 1138 3388; baseline 0.004 -16"><span class='ocrx_word' id='word_1_229' title='bbox 142 3318 261 3388; x_wconf 77' lang='lat' dir='ltr'>nsatum·</span> <span class='ocrx_word' id='word_1_230' title='bbox 287 3337 304 3372; x_wconf 90' lang='lat' dir='ltr'>n</span> <span class='ocrx_word' id='word_1_231' title='bbox 324 3318 391 3374; x_wconf 87' lang='lat' dir='ltr'>ul.</span> <span class='ocrx_word' id='word_1_232' title='bbox 379 3335 412 3372; x_wconf 79' lang='lat' dir='ltr'>uu</span> <span class='ocrx_word' id='word_1_233' title='bbox 428 3334 484 3373; x_wconf 82' lang='lat' dir='ltr'>ras.</span> <span class='ocrx_word' id='word_1_234' title='bbox 510 3318 536 3372; x_wconf 91' lang='lat' dir='ltr'><strong><em>V</em></strong></span> <span class='ocrx_word' id='word_1_235' title='bbox 605 3325 639 3373; x_wconf 89' lang='grc'>26</span> <span class='ocrx_word' id='word_1_236' title='bbox 664 3319 775 3374; x_wconf 85' lang='lat' dir='ltr'>ooletuo</span> <span class='ocrx_word' id='word_1_237' title='bbox 798 3317 825 3373; x_wconf 93' lang='lat' dir='ltr'><strong><em>V</em></strong></span> <span class='ocrx_word' id='word_1_238' title='bbox 849 3320 903 3374; x_wconf 88' lang='lat' dir='ltr'>hoo</span> <span class='ocrx_word' id='word_1_239' title='bbox 926 3319 984 3373; x_wconf 90' lang='lat' dir='ltr'>leto</span> <span class='ocrx_word' id='word_1_240' title='bbox 1003 3319 1138 3376; x_wconf 80' lang='lat' dir='ltr'>Braudes</span> 
     </span>
    </p>
   </div>
   <div class='ocr_carea' id='block_1_6' title="bbox 144 3388 1138 3530">
    <p class='ocr_par' dir='ltr' id='par_1_8' title="bbox 144 3388 1138 3530">
     <span class='ocr_line' id='line_1_35' title="bbox 144 3388 1138 3469; baseline 0.006 -27"><span class='ocrx_word' id='word_1_241' title='bbox 144 3388 268 3469; x_wconf 65' lang='lat' dir='ltr'>eassusfl:</span> <span class='ocrx_word' id='word_1_242' title='bbox 290 3390 353 3444; x_wconf 77' lang='lat' dir='ltr'>siu</span> <span class='ocrx_word' id='word_1_243' title='bbox 370 3405 425 3445; x_wconf 80' lang='lat' dir='ltr'>rua.</span> <span class='ocrx_word' id='word_1_244' title='bbox 446 3391 482 3444; x_wconf 85' lang='lat' dir='ltr'>ul</span> <span class='ocrx_word' id='word_1_245' title='bbox 502 3391 546 3459; x_wconf 83' lang='lat' dir='ltr'>(eu</span> <span class='ocrx_word' id='word_1_246' title='bbox 559 3393 640 3459; x_wconf 68' lang='lat' dir='ltr'>ruer)</span> <span class='ocrx_word' id='word_1_247' title='bbox 659 3389 687 3443; x_wconf 91' lang='lat' dir='ltr'><strong><em>V</em></strong></span> <span class='ocrx_word' id='word_1_248' title='bbox 737 3396 771 3445; x_wconf 86' lang='grc'>29</span> <span class='ocrx_word' id='word_1_249' title='bbox 787 3389 876 3446; x_wconf 86' lang='lat' dir='ltr'>mixta</span> <span class='ocrx_word' id='word_1_250' title='bbox 895 3390 1002 3446; x_wconf 79' lang='lat' dir='ltr'>Voorr</span> <span class='ocrx_word' id='word_1_251' title='bbox 1018 3391 1138 3448; x_wconf 73' lang='lat' dir='ltr'>Viriatus</span> 
     </span>
     <span class='ocr_line' id='line_1_36' title="bbox 144 3457 824 3530; baseline 0.004 -18"><span class='ocrx_word' id='word_1_252' title='bbox 144 3457 254 3527; x_wconf 86' lang='lat' dir='ltr'>piorum</span> <span class='ocrx_word' id='word_1_253' title='bbox 272 3461 317 3514; x_wconf 81' lang='lat' dir='ltr'>uel</span> <span class='ocrx_word' id='word_1_254' title='bbox 333 3460 445 3530; x_wconf 89' lang='lat' dir='ltr'>piarum</span> <span class='ocrx_word' id='word_1_255' title='bbox 470 3461 583 3516; x_wconf 80' lang='lat' dir='ltr'>Viuetus</span> <span class='ocrx_word' id='word_1_256' title='bbox 655 3468 689 3516; x_wconf 82' lang='lat'>30</span> <span class='ocrx_word' id='word_1_257' title='bbox 709 3461 775 3518; x_wconf 79' lang='lat' dir='ltr'>abes</span> <span class='ocrx_word' id='word_1_258' title='bbox 801 3462 824 3515; x_wconf 92' lang='lat' dir='ltr'><strong><em>V</em></strong></span> 
     </span>
    </p>
   </div>
   <div class='ocr_carea' id='block_1_7' title="bbox 214 3547 846 3606">
    <p class='ocr_par' dir='ltr' id='par_1_9' title="bbox 214 3547 846 3606">
     <span class='ocr_line' id='line_1_37' title="bbox 214 3547 846 3606; baseline 0.01 -6"><span class='ocrx_word' id='word_1_259' title='bbox 214 3547 241 3600; x_wconf 91' lang='lat' dir='ltr'><strong><em>V</em></strong></span> <span class='ocrx_word' id='word_1_260' title='bbox 267 3566 360 3603; x_wconf 77' lang='lat' dir='ltr'>aarum</span> <span class='ocrx_word' id='word_1_261' title='bbox 378 3568 504 3604; x_wconf 71' lang='lat' dir='ltr'>centurn</span> <span class='ocrx_word' id='word_1_262' title='bbox 527 3549 554 3605; x_wconf 91' lang='lat' dir='ltr'><strong><em>V</em></strong></span> <span class='ocrx_word' id='word_1_263' title='bbox 623 3557 639 3604; x_wconf 93' lang='grc'><strong>2</strong></span> <span class='ocrx_word' id='word_1_264' title='bbox 659 3566 760 3606; x_wconf 83' lang='lat' dir='ltr'>oomnx</span> <span class='ocrx_word' id='word_1_265' title='bbox 784 3550 846 3606; x_wconf 90' lang='lat' dir='ltr'><strong><em>V</em></strong></span> 
     </span>
    </p>
   </div>
   <div class='ocr_carea' id='block_1_8' title="bbox 0 0 1279 3954">
    <p class='ocr_par' dir='ltr' id='par_1_10' title="bbox 0 0 1279 3954">
     <span class='ocr_line' id='line_1_38' title="bbox 0 0 1279 3954; baseline 0 0"><span class='ocrx_word' id='word_1_266' title='bbox 0 0 1279 3954; x_wconf 95' lang='lat' dir='ltr'> </span> 
     </span>
    </p>
   </div>
  </div>
 </body>
</html>
