2540 3962
517 207 754 274 -267-

113 389 186 432 cum
218 365 364 431 redditae
397 369 473 431 sunt
506 365 589 430 mihi
621 366 750 434 litterae
779 371 854 432 tuae
885 368 1004 452 oppido
1033 390 1130 453 quam

111 456 286 521 litteratae.
323 454 375 519 his
395 455 493 538 longe
511 453 777 522 iucundissimum
795 477 913 540 poema
932 456 1130 540 subdideras,
1151 475 1183 523 15

112 544 200 628 quod
228 544 267 608 de
295 542 401 608 tribus
425 541 573 608 Suetonii
600 542 708 626 libris,
737 566 818 628 quos
846 544 903 610 ille
932 544 971 610 de
998 546 1130 630 regibus

10 631 11 636 ’
113 632 216 717 dedit,
243 632 278 696 in
306 632 473 714 epitomen
499 631 636 717 coegisti
659 635 752 696 tanta
776 634 950 718 elegantia,
981 634 1070 701 solus
1093 639 1131 699 ut

111 721 194 785 mihi
215 720 345 785 uideare
374 719 559 802 adsecutus,
588 720 674 806 quod
701 725 816 786 contra
843 743 951 787 rerum
977 725 1130 787 naturam

112 814 178 894 est,
210 809 354 873 breuitas
382 813 419 872 ut
447 808 585 873 obscura
611 830 679 874 non
706 812 800 874 esset.
840 811 876 874 in
902 810 954 874 his
981 810 1130 876 uersibus

112 917 174 983 ego
198 898 263 962 ista
287 896 419 981 collegi:
1149 915 1183 962 2ο

111 1021 342 1105 Europamque
365 1018 546 1104 Asiamque
569 1020 633 1087 duo
656 1021 709 1085 uel
732 1021 875 1086 maxima
897 1027 1005 1088 terrae

110 1109 275 1194 Membra,
298 1108 417 1192 quibus
440 1107 580 1192 Libyam
604 1107 700 1174 dubie
725 1107 899 1175 Sallustius
923 1110 1014 1176 addit

111 1199 264 1282 Europae
288 1195 488 1276 adiunctam,
511 1196 618 1282 possit
641 1219 715 1262 cum
738 1197 838 1263 tertia
861 1198 938 1282 dici,

110 1287 278 1373 Regnatas
302 1285 430 1363 multis,
452 1306 534 1368 quos
557 1285 646 1350 fama
669 1286 840 1351 oblitterat
863 1291 897 1351 et
919 1309 1000 1371 quos

111 1375 260 1442 Barbara
286 1374 451 1439 Romanae
472 1395 538 1439 non
561 1374 853 1447 traduntnomina
875 1375 1020 1460 linguae,
1150 1393 1183 1442 ae

110 1465 288 1530 Illibanum
310 1461 550 1546 Numidamque
567 1461 698 1526 Auelim
717 1461 938 1547 Parthumque
957 1463 1130 1529 Vononem

110 1553 158 1618 Et
181 1551 360 1634 Caranum,
383 1548 514 1616 Pellaea
538 1550 626 1616 dedit
649 1551 704 1635 qui
726 1551 860 1616 nomina
883 1573 1010 1637 regum,

112 1641 238 1726 Quique
261 1661 375 1725 magos
399 1639 511 1704 docuit
532 1639 690 1723 mysteria
713 1660 799 1704 uana
820 1638 1011 1725 Nechepsos

111 1729 159 1796 Et
181 1731 238 1815 qui
260 1727 412 1813 regnauit
435 1729 504 1792 sine
527 1727 659 1792 nomine
682 1749 820 1814 moxque
844 1725 1011 1794 Sesostris.

178 1853 269 1920 Haec
291 1856 329 1917 tu
353 1872 451 1934 quam
474 1851 578 1935 perite
602 1853 634 1915 et
656 1852 825 1936 concinne,
849 1873 946 1936 quam
965 1852 1130 1917 modulate
1150 1869 1183 1919 30

111 1946 146 2008 et
169 1942 319 2024 dulciter,
341 1939 390 2003 ita
412 1940 504 2004 iuxta
526 1943 678 2004 naturam
696 1939 920 2006 Romanorum
940 1945 1131 2006 accentuum

111 2030 303 2113 enuntiasti,
334 2032 372 2092 ut
399 2031 509 2093 tamen
532 2030 619 2093 ueris
643 2031 676 2092 et
698 2029 889 2114 primigenis
913 2029 1048 2094 uocibus
1072 2051 1132 2094 sua

110 2119 247 2204 fastigia
269 2140 336 2182 non
359 2116 511 2200 perirent
547 2118 612 2182 iam
635 2117 713 2200 quid
737 2116 776 2180 de
796 2117 983 2203 eloquentia
1002 2117 1130 2182 dicam?

110 2208 236 2294 liquido
266 2205 416 2272 adiurare
443 2227 579 2290 possum
602 2206 727 2270 nullum
750 2207 812 2270 tibi
836 2205 876 2270 ad
899 2207 1060 2291 poeticam
1082 2207 1130 2271 fa·

111 2297 262 2363 cundiam
284 2295 454 2360 Romanae
481 2292 660 2359 iuuentutis
689 2296 833 2379 aequari:
862 2298 947 2360 certe
976 2295 1023 2359 ita
1050 2295 1132 2359 mihi
1150 2311 1184 2360 35

110 2386 225 2451 uideri.
266 2383 295 2449 si
323 2404 409 2466 erro,
440 2386 534 2465 pater
566 2404 652 2466 sum,
684 2382 734 2446 fer
766 2405 817 2448 me
847 2387 880 2447 et
906 2383 975 2447 noli
1003 2384 1130 2468 exigere

110 2474 266 2539 iudicium
296 2472 448 2537 obstante
476 2471 608 2554 pietate.
650 2492 762 2535 uerum
790 2492 851 2557 ego
880 2493 953 2535 cum
982 2471 1036 2554 pie
1059 2472 1131 2535 dili·

111 2584 202 2649 gam,
233 2563 356 2626 sincere
385 2563 419 2624 et
447 2581 557 2624 seuere
584 2559 701 2624 iudico.
747 2559 848 2624 adfice
875 2581 939 2644 me,
968 2581 1040 2643 cro,
1071 2562 1131 2626 tali

183 2719 275 2773 XXIII
296 2723 329 2773 16
340 2734 401 2786 sqq.
420 2715 547 2786 (Sueten.
566 2715 627 2770 rell.
646 2665 726 2770 XIIlI
743 2734 771 2785 p.
791 2719 843 2772 303
854 2716 898 2786 R).

184 2797 218 2845 22
238 2789 353 2844 Sallust.
372 2789 433 2858 lug.
455 2793 497 2855 17,
516 2792 533 2840 3

187 2937 223 2986 14
237 2930 341 3000 oppido
356 2930 444 2984 cm.T
495 2934 528 2985 15
543 2929 772 2984 iocundissimum
785 2929 853 2983 ΤΜ
907 2935 940 2986 16
955 2932 990 2986 de
1004 2931 1130 3002 regibus]

112 3005 147 3059 de
167 3019 218 3058 om.
238 3002 308 3056 GM
360 3006 392 3055 18
412 3003 579 3069 assequutus
601 3000 626 3052 Τ
648 3003 791 3056 assecutus
811 3000 882 3055 GM
934 3007 969 3056 20
989 3003 1133 3073 collegiT

112 3073 235 3144 cognoui
259 3073 330 3128 GM
359 3073 369 3142 l
401 3076 434 3126 21
458 3073 600 3143 Europam
623 3072 685 3127 init.
704 3073 781 3128 rubr.
799 3089 850 3128 scr.
873 3073 899 3126 Τ
968 3080 1001 3128 22
1025 3074 1132 3142 lybiam

115 3145 181 3202 ΤΜ
193 3148 199 3216 Ι
218 3145 358 3200 Salustius
380 3143 435 3198 Te
506 3148 540 3198 23
580 3142 687 3214 osqu
756 3149 792 3198 24
811 3141 962 3199 oblitterat
979 3149 1011 3199 ut
1028 3145 1087 3198 aid.
1108 3144 1134 3198 Τ

113 3216 249 3274 obliterat
267 3216 305 3272 Μ
356 3220 390 3269 26
409 3216 521 3283 partum
593 3216 760 3282 tuonouem
780 3214 818 3268 M
872 3220 906 3269 27
926 3214 1021 3285 pellea
1041 3215 1097 3270 Ta

112 3293 148 3346 28
167 3287 294 3343 misteria
315 3285 384 3339 ΤΜ
397 3288 402 3352 l
421 3285 556 3366 nechepsi
570 3286 599 3339 Ζ
615 3284 770 3356 (mechepsi
787 3285 823 3354 Τ)
841 3286 1004 3355 Nechepsos
1018 3286 1132 3341 Plinius

113 3359 167 3416 olii
231 3365 265 3412 23
289 3371 387 3428 moxq3
406 3358 535 3411 sesostrrs
555 3356 581 3409 Τ
602 3373 667 3411 mox
686 3357 833 3410 sesoostris
852 3356 923 3411 GM
942 3360 952 3426 ΙΙ
984 3363 1018 3410 30
1037 3357 1077 3412 uc
1096 3357 1133 3428 (H

113 3432 150 3487 ab
168 3431 340 3486 rubricatum
358 3427 468 3497 om.)T
537 3432 570 3481 31
591 3425 786 3482 acentuumT
857 3432 890 3481 32
916 3429 956 3500 et]
983 3445 1016 3483 ac
1035 3428 1062 3483 θ

115 3509 149 3558 33
170 3501 264 3556 dicam
284 3499 308 3554 si
327 3498 397 3568 quid
415 3499 453 3553 M
503 3497 661 3554 accideris
680 3498 824 3553 Acontius
878 3504 911 3554 37
932 3514 985 3570 ego
1004 3515 1056 3556 om.
1077 3499 1133 3556 Tc

151 3579 186 3629 38
206 3571 339 3626 etTac
361 3568 605 3640 GMlafficeZ
