2516 3954
469 201 538 242 ,.-
586 181 655 249 cvrr
705 202 741 210 —

114 333 182 391 383
206 323 381 410 (postquam
400 328 563 407 Gregorius
582 332 805 415 praefecturam
823 331 971 409 deposuit,
984 331 1043 408 ‚sed
1061 335 1131 393 ante
1175 405 1176 410 η

206 419 343 480 Gratiani
365 411 483 495 necem)
507 419 699 480 Fastorum
721 421 849 502 libros,
878 439 953 499 quos
977 422 1129 498 opusculis

206 510 376 568 inserturus
404 510 495 578 esset,
528 508 662 583 expleuit
685 512 721 568 'et
748 509 894 587 „Proculo
922 510 1067 588 Gregorio
1096 529 1132 570 ex

204 594 318 675 praef.“
342 596 504 672 inscripsit,
528 597 653 672 adiectis
676 599 836 675 poematiis
854 599 901 658 III
920 602 950 658 ct
969 599 1032 673 1111
1051 593 1131 678 (150

204 690 236 747 et
261 677 355 766 149),
384 703 468 762 spem
494 685 627 760 excitans
650 687 713 746 fora
738 687 844 760 utillo
869 692 938 768 ante
962 688 1133 766 absolutam

204 794 283 852 qnae
301 793 391 834 suum
410 775 599 834 consulatum
614 778 790 851 sequeretur
804 774 1014 853 Olympiadem
1028 777 1132 836 consul

205 868 236 924 et
249 865 315 940 ipse
331 863 417 922 fieret
431 866 482 932 (Ill
492 874 511 922 3
522 867 594 943 scire
609 867 687 937 cupis
702 867 750 936 qui
764 868 835 922 sim?
854 869 977 937 titulum,
992 869 1041 937 qni
1051 886 1132 937 quar·

203 964 250 1012 tus
269 957 305 1012 ab
324 955 382 1011 imo
399 958 450 1024 est,
488 970 585 1010 uaere:
605 957 798 1026 legesnomen
813 957 932 1013 consulis
948 957 1082 1026 Ausonii),
1101 953 1132 1012 id

204 1041 284 1120 quod
305 1043 376 1117 post
395 974 532 1100 Gratiani
550 1041 790 1100 interitum.tam
808 1046 888 1103 certo
908 1042 1053 1119 spondere
1073 1061 1132 1102 non

202 1130 364 1208 potuisset.

116 1205 178 1300 3'83
204 1237 407 1314 Epicadion
444 1233 486 1296 ad
522 1237 662 1313 patrem
700 1237 772 1297 olim
809 1237 971 1316 scriptum,
1007 1236 1069 1296 iam
1100 1238 1132 1297 in

204 1327 420 1403 opusculorum
443 1325 551 1386 scriem
573 1325 704 1386 relatum
727 1329 780 1401 (pr.
795 1337 841 1386 12:
859 1331 978 1401 imagini
996 1331 1083 1401 ipsius
1102 1329 1133 1384 hi

203 1425 301 1462 uersus
325 1405 476 1477 subscripti
499 1408 565 1460 sunt
586 1423 677 1476 neque
702 1406 793 1460 minus
811 1407 841 1461 in
860 1409 1057 1477 opusculorum
1076 1424 1133 1462 me·

204 1495 285 1533 orum
304 1478 405 1533 seriem
423 1477 519 1532 relati:
539 1478 592 1531 hoc
611 1476 745 1546 relegisse
764 1481 846 1545 amc).

116 1578 181 1637 383
208 1568 294 1654 (anta
316 1577 333 1635 6
354 1573 402 1634 Kl.
422 1571 517 1649 Sept.)
549 1573 664 1650 prima
696 1575 953 1650 opusculorum
980 1574 1133 1634 Ausonii

204 1663 388 1724 conlectio
421 1682 490 1722 cum
519 1662 758 1739 praefationibus
790 1665 828 1723 ad
861 1665 1003 1724 lectorem
1031 1666 1062 1722 et
1090 1663 1132 1722 ad

205 1752 400 1830 Syagrium
430 1754 518 1821 (Pares.
538 1755 551 1810 Ι
570 1763 604 1811 3ο
624 1757 691 1810 dnm
709 1756 781 1810 nulli
799 1757 885 1811 fuerit
903 1756 1056 1826 discipulus
1075 1773 1133 1811 me-

204 1833 271 1889 lior.
304 1838 340 1886 34
358 1850 423 1886 nam
441 1849 520 1886 meus
538 1832 585 1886 hic
601 1835 664 1888 toto
683 1837 785 1902 regnat
798 1835 827 1888 in
842 1833 909 1889 orbe
924 1851 983 1888 suc.
1013 1840 1047 1889 37
1067 1849 1132 1888 con-

205 1907 250 1958 sul
274 1903 384 1974 collega
406 1904 562 1972 posteriore
580 1903 630 1958 fui.
658 1908 694 1957 40
713 1907 745 1958 tu
764 1905 872 1973 (lector)
890 1922 925 1959 ne
944 1908 1038 1958 temne
1058 1904 1145 1972 quod-

204 1977 280 2031 ultrc
295 1977 445 2044 patronum
458 1976 559 2030 croceis
573 1978 603 2029 te
616 1990 684 2043 paro
700 1977 875 2030 carminibus.
905 1975 931 2029 Il
946 1981 961 2030 3
978 1973 1133 2045 (Syagrio):

205 2053 300 2102 nostro
318 2045 463 2115 praefatus
482 2046 620 2100 habebere
638 2047 729 2112 libro).

110 2140 179 2207 383
204 2137 330 2220 Ydacio
363 2138 515 2224 episcopo
544 2135 691 2221 Hispano
725 2137 929 2220 supplicante
962 2136 1088 2201 elicitur
1114 2159 1134 2202 a

206 2227 364 2292 Gratiano
394 2227 601 2309 rescriptum,
634 2248 697 2310 quo
726 2225 869 2290 uniuersi
896 2225 1051 2290 haeretici
1080 2247 1134 2289 ex-

205 2316 318 2381 cedere
337 2314 479 2380 ecclesiis
499 2315 633 2379 urbibus
653 2321 685 2380 et
704 2319 797 2380 extra
813 2335 925 2379 omnes
940 2316 1045 2379 terras
1060 2336 1135 2398 pro·

205 2405 285 2488 pelli
306 2403 501 2469 iubebantur
524 2411 639 2482 (Sulpic.
660 2412 752 2468 Seuer.
773 2414 866 2468 chron.
886 2413 912 2466 ΙΙ
927 2420 970 2482 47,
985 2413 1022 2478 6).

102 2543 105 2550 .
204 2493 241 2557 in
261 2493 410 2558 Gratiani
434 2493 508 2556 aula
531 2513 588 2576 per
610 2492 779 2556 libidinem
803 2496 836 2555 ct
856 2493 1037 2574 potentiam
1056 2515 1134 2575 pau·

205 2605 318 2648 corum
341 2586 458 2646 cuncta
482 2582 610 2645 uenalia
629 2586 745 2660 (Sulpic.
766 2589 859 2644 Seuer.
879 2592 973 2644 chron.
994 2590 1080 2659 1140,
1095 2589 1132 2656 3).

113 2671 243 2739 383111.
277 2669 551 2736 Priscillianus
580 2691 653 2734 cum
679 2670 815 2734 adseclis
839 2690 898 2753 per
922 2667 1133 2752 Burdigalam

204 2761 268 2824 iter
293 2760 449 2824 facientes
469 2759 615 2838 Romam,
639 2757 850 2823 Euchrotiam
871 2757 1036 2842 Delphidii
1062 2759 1133 2823 rhe-
1163 2807 1166 2814 .

205 2849 287 2914 toris
317 2847 486 2934 coniugem
514 2869 586 2912 cum
608 2847 747 2912 Procula
774 2847 843 2910 filia
872 2847 974 2911 errori
997 2869 1055 2912 suo
1080 2847 1134 2910 ad-

206 2939 346 3023 iungunt
361 2946 477 3017 (Sulpic.
493 2945 585 3001 Seuer.
606 2946 700 3000 chron
715 2946 741 2999 Il
756 2951 799 3016 48,
814 2951 830 3000 3
850 2945 885 3000 cf.
900 2945 975 2999 Prof.
991 2952 1015 3014 5,
1028 2951 1061 3000 37
1073 2943 1134 3013 sq.).

208 3027 338 3092 Britto
372 3023 439 3113 (uel
467 3022 687 3110 Britannias),
719 3025 888 3108 episcopus
917 3023 1135 3106 Treuerensis‚

206 3115 369 3181 Ithacium
388 3114 571 3199 Hispanum
596 3114 783 3198 episcopum
808 3135 825 3176 a
847 3112 1059 3178 Priscillianis
1084 3134 1135 3178 ex·

205 3205 339 3289 pulsum
362 3203 478 3288 recipit
501 3212 617 3284 (Sulpic.
638 3212 731 3266 Seuer.
751 3212 844 3266 chron.
859 3212 943 3280 1149,
958 3211 993 3275 4).

205 3299 308 3359 neseio
341 3317 379 3357 an
407 3298 448 3359 de
477 3297 596 3358 Siluio
625 3297 793 3356 Brittone
821 3296 932 3372 epigr.
959 3296 1133 3354 107-112

206 3388 245 3447 ad
268 3387 439 3447 Brittonem
466 3387 554 3446 illum
580 3385 777 3445 inludendum
805 3385 917 3460 scripta
945 3384 1134 3457 sint(107‚1

205 3469 257 3538 qni
276 3468 401 3523 earmina
418 3471 516 3524 nostra
534 3466 655 3522 lacessit.
689 3465 808 3521 eundem
829 3463 899 3519 Zoili
917 3465 1030 3520 nomine
1049 3462 1135 3534 signi·

205 3539 284 3596 ficari
304 3538 427 3596 conicias
446 3540 482 3594 ab
501 3537 625 3594 Ausonio
644 3537 672 3592 in
692 3534 837 3606 Cupidinis
854 3535 1048 3606 praefatione).
