2532 3954
504 167 791 252 -ci-'

362 347 506 412 Perdidit
528 347 562 410 in
585 346 683 411 senio.

363 433 420 500 Set
442 439 551 500 tamen
573 434 659 500 hunc
681 437 792 500 noster

304 540 338 590 ⁶5
363 522 637 589 Commemorauit
659 522 777 606 honos,

359 612 412 678 Nc
434 612 557 696 pariter
579 611 725 677 tumulus

360 699 489 766 Nomen
512 704 546 766 et
568 722 643 766 ossa
664 702 766 785 tegat.

4 877 10 952 i
34 969 91 1017 1201]
180 943 229 1001 XI.
250 945 476 1002 HEROVLANO
496 943 648 1000 SORORIS
668 943 763 1000 FILIO
783 943 1029 1000 GRAMMATICO

465 1021 748 1082 BVRDIGALENSI.

88 1153 290 1237 Herculeus,
312 1152 379 1236 qui,
401 1151 566 1235 profectus
589 1151 715 1235 gremio
738 1150 778 1216 de
801 1155 915 1216 nostro
940 1155 973 1216 et
992 1150 1112 1235 schola,

90 1242 192 1327 Spem
210 1241 329 1327 magis,
353 1261 452 1324 quam
470 1261 538 1304 rem
557 1238 727 1304 fruendam
744 1239 924 1322 praebuisti
943 1240 1112 1324 auunculo,

90 1331 265 1414 Particeps
290 1329 422 1395 scholae
444 1332 477 1392 et
500 1327 672 1392 cathedrae
694 1348 796 1411 paene
820 1349 969 1393 sucessor
991 1349 1092 1411 meae,

92 1419 255 1484 Lubricae
278 1417 343 1482 nisi
365 1421 399 1482 te
422 1416 574 1482 iuuentae
595 1415 809 1500 praecipitem
830 1417 932 1481 flexus
956 1417 1060 1500 daret,

4 1543 5 1596 p
92 1506 299 1593 Pythagorei
321 1527 391 1571 non
411 1508 576 1569 tenentem
597 1505 741 1569 tramitis
763 1508 886 1568 rectam
908 1505 1010 1569 uiam:
1096 1520 1113 1570 c

4 1631 5 1646 ι
91 1595 177 1662 Esto
141 1595 351 1680 tplacidus
375 1597 408 1658 et
429 1593 549 1678 quietis
572 1593 724 1658 manibus
748 1591 856 1658 sedem
879 1593 967 1676 fouc,

4 1719 6 1768 ι
91 1685 163 1750 Iam
187 1684 274 1749 mihi
297 1686 438 1768 cognata
460 1682 652 1747 dudum't
603 1685 652 1746 mt
654 1703 688 1744 er
711 1685 908 1746 memoratus
930 1680 1070 1746 nomina.

39 1949 97 1997 [sos]
256 1925 318 1982 XII.
342 1923 533 1980 THALASSO
552 1923 795 1979 GRAMMATICO
814 1923 952 1980 LATINO

466 2002 747 2060 BVRDIGALENSI.

91 2133 246 2200 Officium
269 2151 450 2214 nomenque
473 2134 581 2211 tuum,
602 2131 768 2214 primaeuo
791 2129 964 2216 Thalassa,

135 2221 302 2287 Paruulus
325 2219 449 2284 audiui:
471 2219 528 2284 uix
550 2219 650 2284 etiem
672 2217 821 2303 memini,

92 2310 165 2387 Qua
187 2309 297 2374 forma
320 2312 379 2374 aut
400 2307 518 2372 merito
539 2306 656 2392 fueris,
677 2330 742 2392 qua
764 2308 866 2392 stirpe
886 2312 1065 2392 pareutum.

138 2399 244 2463 Aetas
267 2396 317 2460 nil
341 2395 381 2461 de
402 2401 436 2460 te
458 2397 621 2479 posterior
644 2395 794 2462 celebrat

92 2485 355 2552 Grammaticum
377 2484 528 2549 iuuenem
550 2487 681 2550 uncum
703 2488 737 2548 te
758 2485 847 2550 fama
867 2484 1011 2569 screbat,
1094 2501 1112 2550 t

137 2573 224 2640 Tum
248 2594 377 2658 quoque
399 2577 468 2638 tam
490 2574 614 2656 tenuis,
638 2595 736 2657 quem
758 2573 856 2639 modo
879 2573 971 2638 nulla
992 2577 1111 2640 manet

77 2661 151 2729 'Set
175 2663 370 2748 quicumque
391 2665 517 2746 tamen,
538 2667 653 2727 nostro
676 2661 752 2746 quia
773 2661 888 2728 doctor
909 2661 945 2726 in
967 2683 1049 2730 aeuo

136 2750 276 2836 Vixisti,
298 2750 361 2815 hoc
382 2753 533 2815 nostrum
555 2771 673 2814 munus
695 2749 831 2814 habeto:
853 2749 938 2815 uale.

164 2975 683 3034 xlmcvmovanffimiv
737 2975 1111 3034 aremossaddd’ul«

91 3066 180 3106 murm
252 3047 412 3104 3scoloV
475 3046 675 3103 sinbenteV
737 3045 960 3119 spingam
1015 3045 1111 3118 epla·

92 3133 303 3228 uomicas.)
325 3153 468 3224 mom
491 3153 519 3206 v
587 3153 742 3208 enisu

164 3243 218 3298 XII
236 3259 352 3298 umnec
370 3247 462 3296 onice
479 3260 578 3298 um
593 3241 731 3298 ιἰιιωιι.
753 3241 782 3296 V
813 3240 960 3298 Thalassio
978 3237 1041 3295 Tou

96 3312 558 3370 1tmussaeumuuumu
636 3309 1023 3383 smmumsazaor
1093 3313 1110 3368 s

94 3385 263 3442 fuscum
335 3383 699 3441 cummanum
