2540 3962
513 165 750 230 -226-

123 320 391 406 Santonicamque
415 322 529 388 urbem
552 325 659 389 uicino
683 323 876 389 accessimus
899 345 988 410 agro.

168 410 260 487 Quod
282 411 345 477 tibi
368 412 396 475 si
420 415 549 498 gratum
573 417 637 496 est,
660 413 781 496 optime
804 412 918 496 Paule,
941 415 1052 497 proba.

123 497 320 583 Cornipedes
343 501 475 584 rapiant
497 500 628 584 inposta
650 501 810 585 petorrita
833 502 953 585 mulae3
1120 517 1137 566 5

165 586 227 652 Vel
251 588 329 654 cisio
352 589 480 674 triiugi,
503 588 531 653 si
553 589 674 674 placet,
697 589 838 674 insilias,

121 674 184 740 Vel
206 677 341 742 celerem
365 698 521 742 mannum
544 679 598 742 uel
620 683 752 763 ruptum
774 682 870 763 terga
891 679 1065 744 ueraedum

165 762 386 848 Conscendas,
409 787 546 850 propere
570 766 645 831 dum
669 766 765 832 modo
788 766 854 831 iam
877 769 1005 850 uenias,

119 851 277 918 Instantis
299 856 454 918 reuocant
477 855 554 939 quia
575 876 636 920 nos
660 854 833 928 sollemnia
855 855 995 938 paschae

163 939 284 1006 Libera
304 963 365 1008 nec
387 943 483 1008 nobis
507 946 557 1008 est
579 965 672 1008 mora
695 943 846 1008 desidiae.
1103 960 1136 1010 10

119 1027 231 1093 Perfer
253 1029 288 1094 in
311 1052 447 1096 excursu
470 1032 522 1097 uel
546 1031 676 1117 teriugo
698 1031 791 1097 milia
815 1031 941 1116 epodon

164 1116 226 1181 Vel
250 1117 351 1184 falsas
374 1119 463 1202 lites,
487 1142 566 1204 quas
591 1113 705 1186 s'ohola
726 1122 838 1185 uestra
861 1120 950 1186 serit.

119 1204 299 1271 Nobiscum
322 1207 467 1273 inuenies
490 1209 613 1293 nullas,
637 1208 712 1293 quia
735 1208 889 1293 liquimus
912 1208 998 1292 istic,

163 1292 334 1378 Nugarum
357 1299 483 1361 ueteres
507 1318 579 1362 cum
604 1297 672 1362 sale
694 1295 871 1381 relliquias.

64 1502 85 1542 v
100 1503 275 1554 [rosunum]
464 1486 627 1543 svsoulv
628 1488 646 1542 S
665 1487 795 1543 PAVLO.

118 1611 235 1678 Ostrea
257 1615 417 1680 nobilium
440 1615 527 1680 cenis
552 1618 748 1699 sumptuque
771 1618 926 1699 nepotum

118 1698 260 1785 Cognita
284 1704 474 1787 diuersoque
498 1704 598 1768 maris
622 1704 781 1786 deprensa
803 1702 978 1787 profundo,

116 1788 186 1854 Aut
208 1791 331 1878 refugis
355 1793 477 1856 nudata
499 1792 591 1856 uadis
616 1795 673 1856 aut
696 1813 831 1876 scrupea
855 1792 967 1856 subter

117 1879 223 1944 Antra
247 1884 280 1944 et
302 1881 451 1945 muriceis
476 1880 682 1963 scopulorum
706 1900 813 1946 mersa
837 1881 974 1963 lacunis,

118 1965 206 2042 Quae
229 1968 342 2034 uiridis
367 1989 510 2053 muscus,
532 1990 614 2053 quae
638 1969 767 2034 decolor
790 1969 865 2054 alga
888 1967 1047 2054 recondit,
1117 1987 1134 2036 5

117 2055 205 2132 Quae
228 2057 324 2122 testis
349 2065 498 2123 concreta
521 2057 587 2123 suis
611 2078 669 2123 ocu
692 2077 771 2122 saxa
794 2057 982 2141 cohaerent,

117 2143 206 2220 Quae
229 2149 356 2211 mutata
377 2147 464 2229 loco,
486 2146 601 2230 pingui
625 2167 701 2210 mox
725 2147 850 2211 consita
873 2146 967 2230 limo,

115 2231 229 2298 Nutrit
252 2238 393 2300 secretus
417 2235 589 2301 conclusae
612 2233 747 2320 uliginis
771 2256 879 2318 umor,

187 2435 203 2484 8
222 2428 366 2513 adonicam
385 2428 412 2483 V
428 2426 621 2482 sanctonicam
638 2426 705 2482 ΤΜ
771 2431 789 2480 4
806 2426 947 2496 signatum
966 2425 1009 2496 71
1026 2426 1132 2483 obtime

120 2519 147 2575 V
217 2523 233 2573 b
256 2517 350 2589 rapiat
368 2517 413 2588 71
435 2515 561 2586 inposta]
586 2514 630 2584 71
652 2514 779 2589 ptcrrita
800 2513 828 2569 V
841 2514 966 2584 petorita
987 2515 1043 2572 TG
1115 2522 1131 2570 7

114 2609 161 2664 uel
181 2614 392 2664 eeremannuvm
411 2606 456 2674 71
472 2621 586 2659 manum
602 2603 628 2660 G
643 2607 648 2674 1
663 2603 817 2659 uerendum
834 2604 861 2659 Τ
930 2609 945 2659 9
964 2588 1081 2661 rebocrit
1100 2605 1130 2673 (b

114 2680 146 2736 in
163 2697 181 2735 v
200 2681 248 2749 cl.)
273 2678 317 2750 71
338 2676 464 2734 solennia
485 2675 511 2730 Τ
531 2675 689 2744 solempnia
707 2675 745 2729 M
756 2677 761 2744 1
780 2690 882 2744 pascae
907 2674 975 2731 V¹Z
1045 2681 1078 2730 10
1096 2674 1130 2788 li·-

114 2820 181 2859 uera
204 2802 241 2858 7ι
257 2806 262 2873 1
277 2800 359 2858 uobis
380 2799 562 2873 Gldesidiu}
583 2801 608 2856 Τ
675 2805 706 2853 11
726 2800 820 2869 parter
838 2799 868 2855 in
887 2815 969 2854 cursu
992 2799 1037 2866 71
1053 2799 1132 2854 milie

113 2872 488 2944 pondouVmiliepodonZ
527 2878 558 2927 12
570 2888 625 2940 qua
637 2868 871 2942 TiscolaVTM
908 2875 941 2925 18
951 2869 1078 2926 inuenies
1092 2871 1129 2942 71

113 2945 206 3001 nullas
219 2944 372 3010 Acontius,
385 2945 457 2999 idem
470 2960 522 2999 ree.
536 2961 570 2998 m.
586 2941 766 3010 (Sentinate)
779 2957 813 2996 ss.
828 2940 856 2995 V
870 2941 974 2998 multas
992 2941 1048 2997 VZ
1062 2947 1066 3008 1
1082 2943 1131 3011 qui

114 3015 204 3086 aliqui
222 3013 326 3070 mustio
348 3016 412 3071 ΤΜ
428 3017 458 3085 (q
476 3016 515 3070 ali
557 3014 655 3083 lllq.
673 3013 692 3069 l.
712 3011 804 3069 eioG
877 3018 911 3067 14
927 3011 1082 3082 rellilquiss
1101 3015 1131 3082 (n

114 3090 219 3158 ursei)
242 3086 290 3155 71
309 3104 337 3142 a.
354 3092 388 3141 14
406 3103 479 3143 murs
550 3086 643 3140 hebd:
668 3085 726 3139 eius
749 3084 806 3139 loco
824 3101 864 3153 cp.
884 3083 937 3137 XI
950 3101 978 3139 a.
994 3087 1031 3139 37
1049 3083 1131 3153 (Vale

113 3161 208 3216 ualere
223 3158 248 3214 si
261 3158 339 3214 uoles
353 3174 398 3213 me
412 3158 459 3213 uel
475 3158 552 3228 uola)
566 3157 666 3228 rapitur
679 3156 711 3210 in
723 3154 752 3208 Z
763 3157 853 3222 (aare
867 3155 931 3211 add.
945 3155 978 3208 ἐπ
990 3171 1077 3225 usurp.
1095 3153 1130 3222 T)

712 3256 724 3284 r

68 3308 96 3360 V
183 3303 257 3360 Vri¹
275 3319 403 3356 nvsourvs
421 3317 506 3355 rsvno
528 3299 555 3354 V
616 3296 750 3353 lhostea
771 3296 798 3351 V
853 3296 1002 3352 idiuersa
1018 3295 1046 3350 V
1060 3311 1129 3351 corr.

114 3373 238 3444 Scaliger
253 3376 258 3443 1
274 3372 389 3428 defensa
406 3370 433 3424 V
450 3387 518 3427 corr.
533 3369 668 3424 Heinsius
740 3373 756 3422 t
776 3365 888 3422 ‘¹⁰decor
906 3367 928 3422 V
947 3383 1015 3422 corr.
1030 3366 1131 3422 Doara

151 3451 167 3500 6
187 3447 299 3500 coerent
320 3442 356 3498 V¹
375 3441 506 3514 coherent
528 3439 565 3495 Vl
637 3446 652 3495 ‘l
673 3441 771 3494 consta
792 3437 820 3492 V
833 3455 902 3496 corr.
923 3438 1045 3508 Scaliper
1064 3453 1129 3492 cou-

115 3516 176 3572 dita
186 3515 317 3587 Lacydon.
360 3519 376 3570 8
387 3513 582 3587 concluseslfre
592 3512 717 3582 sequior
722 3526 792 3584 pars
802 3511 837 3566 ai.
848 3512 880 3566 ia
889 3526 944 3566 ror.
954 3508 988 3582 71
995 3509 1096 3563 humor
1107 3507 1134 3563 V
