2532 3954
491 191 714 256 ..29-

89 356 206 440 Nenia,
230 354 372 420 funereis
397 354 478 419 satis
502 353 651 419 officiosa
673 353 835 439 querellis,

44 465 49 474 ’
134 446 256 510 Annua
278 466 319 509 ne
342 443 453 509 tacitis
476 463 614 508 munera
634 446 833 528 praetereas,
929 439 931 444 ’

90 533 181 611 Quae
204 533 316 599 Numa
339 533 489 617 cognatis
513 532 683 598 sollemnia
706 532 835 598 dedicat
858 531 997 617 umbris,

135 623 183 688 Vt
207 621 328 707 gradus
352 626 410 686 aut
433 622 550 687 mortis
573 623 722 706 postulat
745 626 802 686 aut
824 622 963 708 generis.

92 711 163 778 Hoc
187 712 268 777 satis
293 716 343 776 est
364 711 514 795 tumulis,
538 711 617 776 satis
641 714 691 776 est
715 711 840 776 telluris
864 711 990 796 egenis:

135 801 227 866 Voce
250 801 335 865 ciere
359 801 485 865 animas
507 800 631 864 funeris
655 801 758 864 instar
780 799 889 865 habet.
1078 816 1110 865 10

92 889 245 955 Gaudent
268 889 430 973 conpositi
454 889 578 954 cineres
602 910 661 954 sua
683 889 816 954 nomina
840 889 916 954 dici:

135 978 314 1044 Frontibus
337 978 399 1043 hoe
424 979 552 1061 scriptis
578 982 611 1043 et
634 982 844 1042 monumenta
867 977 990 1042 iubent.

91 1068 151 1133 Ille
177 1069 290 1152 etiam,
313 1067 431 1132 maesti
455 1067 506 1131 cni
529 1066 634 1132 defuit
656 1088 740 1131 urna
760 1067 915 1151 sepulcri,

135 1156 280 1222 Nomine
301 1159 353 1220 ter
376 1155 463 1220 dicto
487 1177 590 1239 paene
614 1157 762 1240 sepultus
786 1157 858 1221 erit.

92 1245 138 1310 At
162 1250 214 1329 tu,
238 1245 432 1329 quicumque
457 1265 504 1324 es,
527 1245 643 1328 lector,
667 1245 723 1328 qui
746 1243 816 1309 fata
839 1265 986 1311 meorum
1078 1260 1110 1309 15

136 1333 293 1419 Dignaris
317 1333 453 1398 maestis
476 1353 719 1399 conmemorare
744 1333 858 1420 elegis,

91 1423 291 1488 Inconcussa
313 1426 389 1488 tuae
413 1443 582 1506 percurras
606 1426 754 1506 tempora
776 1425 864 1488 uitae

126 1512 183 1608 §nt
205 1515 334 1596 praeter
357 1511 481 1576 iustum
504 1511 618 1576 funera
639 1511 732 1576 nulla
754 1512 841 1576 fleas.

42 1778 100 1826 [ιιι]
339 1758 360 1813 ι.
391 1755 514 1812 rvnrvs
533 1755 717 1812 nvsoruvs
735 1757 866 1814 rauna.
923 1743 926 1752 '

91 1901 224 1966 Primus
247 1901 281 1965 in
302 1901 355 1965 his
379 1906 473 1985 pater
492 1889 673 1986 Ausonius,
698 1923 794 1985 quem
816 1922 937 1986 ponere
959 1901 1112 1987 primum,

136 1990 213 2054 Etsi
235 1994 408 2055 cunctetur
430 1991 531 2074 filius,
556 1991 634 2056 ordo
658 1991 758 2056 iubet.

92 2078 181 2145 Oura
203 2079 268 2164 dei,
290 2079 438 2163 placidae
461 2080 594 2144 functus
617 2079 703 2164 quod
726 2078 849 2144 honore
873 2083 1022 2145 senectae

136 2167 296 2234 Vndecies
320 2168 417 2233 binas
440 2169 524 2234 uixit
547 2167 771 2254 Olympiadas.

92 2255 226 2336 Omnia,
249 2279 333 2342 quae
356 2258 472 2341 uoluit,
497 2257 553 2342 qui
574 2279 732 2342 prospere
755 2258 850 2322 uidit:
875 2258 992 2342 eidem,
1096 2273 1112 2322 5

138 2346 276 2430 Optavit
298 2345 468 2430 quidquid,
491 2346 645 2432 contigit,
668 2351 706 2412 ut
729 2347 843 2412 uoluit.

89 2435 170 2501 Non
193 2435 270 2519 quia
292 2435 435 2500 fatorum
458 2435 562 2500 nimia
584 2435 800 2520 indulgencia,
825 2436 882 2502 sed
905 2436 990 2521 quod

137 2523 221 2588 Tum
244 2524 411 2589 moderata
433 2525 483 2589 illi
506 2528 584 2589 uota
606 2524 695 2589 fuere
719 2526 800 2591 uiro.
1075 2607 1076 2610 Ἴ

91 2611 197 2688 Quem
222 2635 281 2678 sua
304 2613 470 2678 contendit
494 2617 620 2698 septem
643 2614 847 2698 sapientibus
870 2618 974 2700 aetas,

137 2701 284 2778 Quorum
308 2703 490 2768 doctrinam
513 2702 659 2768 moribus
683 2704 837 2788 excoluit,
1081 2719 1113 2770 ιο

90 2789 228 2856 Viueret
250 2795 288 2855 ut
309 2791 433 2876 potius,
458 2814 556 2877 quam
579 2790 711 2876 diceret,
738 2796 807 2857 arte
831 2792 1022 2879 sophorum,

137 2879 344 2966 Quamquam
368 2884 401 2946 et
423 2881 562 2946 facundo
585 2901 652 2946 non
674 2881 764 2947 rudis
787 2882 928 2967 ingenio,

166 3079 244 3128 onec
259 3071 297 3125 V¹
312 3073 317 3142 1
333 3071 437 3128 tacitus
452 3072 555 3132 Vcorr.
567 3074 675 3143 Peiper,
689 3074 778 3130 tacita
787 3075 918 3132 Braades
968 3081 985 3130 8
1000 3074 1113 3144 mortis]

94 3144 178 3199 sortis
188 3145 234 3199 uel
248 3143 344 3199 meriti
352 3143 453 3214 Perper
468 3146 473 3214 1
489 3146 616 3214 postulat
635 3146 694 3217 aut]
709 3164 736 3216 p.
751 3149 785 3201 ut
799 3145 826 3201 V
867 3153 883 3202 9
898 3145 945 3202 hic
958 3146 1087 3200 Bruadcs
1108 3145 1111 3215 1

94 3269 137 3324 est
157 3300 188 3309 -
208 3270 254 3324 ert
275 3267 376 3338 Peipcr
393 3270 425 3324 et
441 3302 473 3311 -
495 3272 525 3325 et
544 3237 576 3325 V
593 3273 598 3340 1
617 3229 726 3326 timulis
750 3271 778 3325 V
839 3278 873 3328 10
892 3272 959 3328 abet
982 3268 1018 3323 V¹

164 3359 328 3430 Maronem*
349 3359 447 3414 docnt
473 3357 532 3472 V)
585 3363 772 3416 acunctetur
799 3360 826 3415 V
894 3359 1017 3414 suiuus
1042 3356 1112 3431 V¹l

95 3500 180 3572 olimp
181 3501 266 3556 iadus
291 3499 319 3554 V
377 3479 489 3570 th1
512 3521 531 3572 q
551 3501 608 3572 V¹l
603 3505 689 3586 lpros
711 3520 757 3558 era
770 3503 855 3574 uidit]
843 3501 1113 3574 ]pr0perauitl
1056 3502 1113 3574 V¹l

94 3574 123 3627 et
139 3520 217 3628 idem
241 3572 271 3627 V
287 3587 357 3627 corr.
378 3573 440 3628 Tull
500 3574 647 3630 tobtauit
726 3573 887 3645 {quicquid
911 3574 948 3629 V¹
