2534 3954
593 786 699 852 VIIII.

85 931 217 1035 istst}
436 932 513 1006 cu
555 929 850 1006 cissvus.

388 1137 573 1194 AVSONIVS
591 1137 712 1194 PAVLO
732 1137 801 1194 SVO
821 1137 849 1193 S.
867 1137 900 1192 D.

206 1265 376 1332 Peruincis
393 1268 506 1331 temen
524 1267 558 1330 et
577 1267 693 1349 operte
710 1286 877 1331 musarum
895 1286 1053 1350 meorum,
1076 1287 1161 1350 quse
1254 1267 1255 1270 ’

140 1355 309 1422 initiorum
327 1354 459 1420 uolebat
478 1355 669 1434 obscuritas,
688 1376 887 1440 quamquem
904 1376 971 1420 non
990 1352 1162 1438 profanus,
1254 1381 1255 1426 i

140 1444 308 1530 irrumpis,
332 1442 431 1510 Paule
454 1443 629 1509 carissime.
668 1443 818 1528 quemuis
843 1443 929 1508 enim
947 1446 980 1506 te
999 1464 1066 1507 non
1089 1442 1162 1508 eius

141 1533 234 1620 uulgi
254 1532 449 1617 existimem,
472 1531 559 1618 quod
576 1531 734 1598 Horatius
753 1535 842 1597 arcet
860 1533 1024 1618 ingressu,
1046 1535 1164 1596 temen

143 1644 202 1688 suc
230 1621 345 1706 cuique
374 1642 479 1706 sucre,
510 1642 615 1706 neque
645 1619 732 1686 idem
761 1619 884 1707 Cereri,
918 1620 1004 1706 quod
1031 1617 1197 1705 Liberos

143 1711 241 1775 etium
256 1709 315 1774 sub
331 1708 435 1774 isdem
449 1709 641 1776 cultoribus.
662 1710 839 1796 poematis,
848 1731 930 1794 quoe
944 1709 978 1772 in
993 1708 1164 1774 olumnam
1255 1731 1256 1740 ¹

142 1819 249 1863 meam
272 1798 414 1863 luseram
436 1798 530 1862 rudia
553 1802 586 1863 et
607 1799 764 1864 incohata
786 1798 828 1864 ed
850 1797 1047 1864 domesticae
1075 1797 1162 1863 solu-

143 1886 229 1952 cium
244 1886 435 1971 cautilenae,
449 1908 524 1952 oum
538 1887 607 1952 sine
620 1889 710 1952 metu
727 1935 788 1955 ...
802 1891 836 1952 ot
850 1909 970 1954 arcane
984 1887 1163 1952 securitate

142 1975 336 2059 fruerentur,
354 1974 500 2058 proferre
520 1974 562 2041 cd
577 1976 682 2040 lucem
697 1975 874 2062 caligantia
893 1975 1039 2062 coegisti.
1074 1997 1162 2042 uero

143 2063 278 2129 cundiue
297 2085 388 2130 meue
407 2063 533 2130 scilicet
552 2063 693 2149 spolium
708 2064 897 2152 concupisti,
916 2068 982 2148 sut,
1000 2068 1161 2149 quantum
1182 2082 1213 2131 10

142 2152 206 2217 tibi
227 2153 263 2219 in
284 2175 337 2219 mc
360 2153 440 2217 iuris
464 2156 563 2237 esset,
588 2153 630 2218 ab
653 2153 758 2219 inuito
781 2153 928 2219 indicari.
963 2175 1004 2218 nc
1027 2158 1065 2218 tu
1083 2153 1162 2219 Ale-

142 2241 259 2307 xundri
275 2240 463 2307 Macedouis
481 2242 699 2327 peruicacicm
718 2261 962 2328 supergressus,
985 2242 1055 2326 qui,
1077 2241 1163 2307 fetu·

143 2330 186 2395 lis
210 2329 280 2417 iugi
302 2330 374 2395 lore
397 2353 470 2396 cum
493 2331 618 2398 soluere
640 2353 708 2397 non
729 2335 855 2417 posset,
879 2330 1020 2396 abscidit
1043 2333 1077 2396 et
1100 2329 1164 2416 Py·

142 2417 233 2484 thius
252 2439 396 2504 specum,
419 2442 483 2505 quc
504 2420 555 2485 die
573 2419 625 2485 fos
643 2442 710 2486 nou
729 2422 798 2486 eret
816 2423 943 2506 putore,
966 2419 1163 2503 penetrauit.

215 2575 527 2646 4Hcret.01111,1

92 2718 122 2769 z
216 2715 482 2788 IncipitBissulaT
497 2716 575 2774 uine
589 2717 697 2788 Cupido
712 2716 859 2773 cruciacus.
882 2687 1120 2789 impsum.
1137 2717 1165 2775 c

144 2803 195 2842 om.
215 2786 254 2840 M
269 2788 274 2857 Ι
298 2787 438 2844 Ausonius
457 2818 492 2829 -
511 2804 533 2845 s.
553 2788 592 2861 d.]
612 2805 662 2844 oen.
683 2788 722 2846 M
745 2784 794 2844 sul'
815 2788 885 2844 dicit
906 2788 932 2843 Τ
955 2789 1005 2845 sul.
1026 2789 1062 2845 di.
1083 2790 1110 2846 G

146 2863 160 2912 1
179 2857 295 2913 tandem
313 2859 443 2914 Accurrit
460 2863 539 2916 uetus
557 2860 641 2917 codes
666 2863 671 2929 Ι
694 2859 832 2931 mearum]
851 2876 915 2915 mea
934 2859 960 2916 T
966 2859 993 2915 G
1064 2867 1080 2916 2
1099 2878 1165 2931 pro-

143 2963 255 3106 phanus
270 2962 326 3019 Te
380 2969 396 3020 s
415 2963 539 3048 erumpis
555 2966 600 3032 ul
616 2943 701 3037 ,sue
716 2965 743 3020 u
757 2965 761 3037 ι
777 2961 862 3022 rime
877 2966 916 3020 m
965 2965 1124 3037 sisluulgi
1142 2967 1168 3022 r

173 3033 356 3090 extimemM
368 3037 374 3106 Ι
390 3037 544 3092 cretiusM
555 3038 560 3106 Ι
576 3036 678 3094 crees
729 3038 956 3110 bsocreueque]
972 3054 1115 3094 secretum
1130 3039 1169 3093 M

146 3176 217 3232 cohc
513 3219 522 3248 ,
638 3196 683 3305 per
731 3222 737 3234 .
819 3221 825 3234 .
1070 3222 1076 3234 .

146 3249 215 3320 lipcr
232 3250 346 3304 cubum
364 3249 495 3306 mcidissc
509 3255 580 3320 puto
598 3251 638 3321 (lo
669 3253 731 3306 rent
739 3250 762 3319 r)
787 3253 793 3319 Ι
821 3251 944 3308 erchana
964 3249 991 3307 G
1062 3257 1079 3305 9
1099 3269 1164 3323 pro·

144 3318 213 3375 ferri
231 3319 270 3373 M
330 3325 363 3375 10
382 3319 504 3393 seilicet]
524 3339 551 3376 s.
572 3321 667 3378 Gom.
688 3321 732 3391 ΤΙ
752 3325 802 3378 out
833 3325 864 3378 ct
884 3321 910 3376 Τ
973 3327 1004 3378 11
1024 3323 1163 3406 seb-[muto

147 3391 202 3457 (uel
218 3390 313 3470 mitto)
331 3391 489 3447 iudicariT
506 3391 542 3447 cb
561 3392 635 3448 iuico
653 3392 772 3448 iudicari
863 3398 895 3447 12
914 3393 1087 3450 macedonici
1101 3395 1141 3449 M
1158 3395 1162 3466 ί

146 3462 332 3528 permcutiam
352 3462 409 3517 Tc
463 3468 496 3516 13
515 3462 610 3532 pythii
626 3463 653 3517 T
669 3465 713 3528 (ec
730 3462 828 3533 pythio
845 3481 888 3533 pr.
906 3465 953 3532 T),
972 3466 1085 3536 pythyae
1100 3465 1129 3520 G

148 3533 183 3583 14
202 3530 276 3597 quod
295 3531 341 3585 dic
360 3531 416 3600 M!
436 3547 494 3588 non
511 3549 561 3589 om.
577 3533 604 3589 G
621 3534 706 3603 (wude
722 3534 802 3589 nefus
821 3535 975 3604 Acontius)
992 3537 997 3604 Ι
1020 3535 1074 3592 erit
1092 3537 1132 3591 M
