2538 3964
499 225 554 242 -—
603 191 755 256 394·-

131 349 236 416 eidem
266 349 481 416 mandauerat
509 348 548 414 de
572 349 769 415 Graecorum
798 348 933 413 ducibus
961 348 1154 433 requirenti.

130 439 221 523 proci
250 443 359 504 autem
386 441 560 522 postquam
593 438 632 502 de
664 437 757 504 abitu
784 437 970 503 Telemachi
1001 442 1154 524 cunperti
1174 459 1204 505 10

133 530 223 611 sunt,
245 527 407 593 instructa
425 527 626 610 deductaque
643 526 721 593 naui
737 526 872 612 uiginti,
896 527 953 610 qui
972 548 1043 592 sese
1061 528 1152 612 lege·

131 618 221 700 rant,
243 616 501 702 enauigauerunt
523 617 672 681 redeunti
690 615 826 680 iusidias
845 616 1027 681 molientes.
1063 617 1153 682 circa

133 705 296 769 Asterium
312 725 390 790 ergo
407 705 558 789 insulam,
577 727 661 790 quae
675 704 824 770 Ithacam
838 701 1034 789 Samumque
1048 704 1152 770 inter-
1260 749 1261 758 .

132 794 233 878 iacet,
256 793 482 859 delitescentes
507 794 711 859 occasionem
732 793 856 858 fraudis
881 797 1083 877 expectant·

621 984 655 1039 V.

292 1085 384 1160 <lide
403 1085 431 1145 δ’
453 1085 485 1146 ἐκ
504 1088 607 1160 λεχέων
627 1086 697 1160 παρ’
718 1084 829 1160 cipuuori
852 1090 1017 1164 Τιθωνοῖο)

293 1161 428 1230 Liquerat
445 1161 475 1216 in
494 1163 591 1231 tepido
610 1161 764 1217 Tithonum
783 1163 891 1217 Aurora
909 1161 1004 1217 cubili.

199 1286 378 1352 Mercurius
406 1289 441 1352 in
464 1287 628 1374 Ogygiam
654 1287 797 1353 insulam
827 1288 970 1373 deuolat,
999 1292 1037 1353 ut
1058 1289 1153 1354 Iouis
1260 1279 1261 1316 ¹

134 1376 267 1440 monitis
287 1374 429 1460 Calypso
453 1378 629 1442 conterrita
647 1375 776 1442 Vlixem
799 1379 945 1460 patiatur
968 1378 1153 1445 abscedere.
1260 1453 1261 1458 η

133 1465 189 1548 qui
222 1470 376 1530 contextu
408 1466 489 1531 ratis
525 1470 646 1530 temere
677 1471 870 1549 properatae
901 1466 1189 1550 nauigationems
1260 1473 1261 1538 j

135 1553 225 1618 solus
245 1553 442 1638 aggreditur.
476 1554 759 1620 duodeuicensima
778 1554 829 1618 die
847 1557 1043 1638 tempestate
1063 1577 1153 1621 com·
1260 1589 1261 1612 r

135 1645 239 1723 mota,
263 1663 302 1707 ex
325 1643 492 1708 iracundia
514 1643 692 1707 infestante
711 1641 878 1727 Neptuno,
901 1643 1044 1708 trabium
1064 1666 1152 1709 com·
1260 1693 1261 1708 .

133 1751 219 1815 pago
243 1730 441 1796 dissoluitur.
487 1753 551 1817 quo
580 1753 657 1796 casu
684 1731 834 1815 proditur
860 1733 993 1797 ultimae
1022 1733 1094 1817 spei
1119 1739 1153 1798 et
1260 1739 1261 1762 ¹

134 1819 238 1884 irritis
262 1820 433 1885 conatibus
457 1820 601 1885 natando
625 1821 748 1884 abluo
772 1821 833 1886 dea
855 1821 1063 1885 misericorde
1087 1843 1153 1886 ser·

134 1911 238 1972 uatur.
284 1930 367 1993 quae
396 1909 588 1974 calanticam
617 1909 718 1992 capiti
747 1931 806 1974 suo
834 1910 998 1993 demptam
1021 1913 1153 1975 natanti
1176 1929 1205 1975 10

135 1996 374 2081 accommodat,
397 1999 487 2063 cuius
506 1999 561 2062 ille
581 2001 766 2062 sustentatu
786 1998 827 2063 ad
846 2020 947 2082 usque
966 1998 1152 2064 Phaeacum
1260 2053 1261 2088 2

135 2084 215 2150 litus
239 2085 358 2150 euadit.

615 2259 664 2314 VI.

222 2357 292 2488 gille
311 2360 326 2419 ὁ
347 2361 399 2434 μὲν
418 2361 492 2419 ἔνθα
511 2365 640 2420 καθεῦδε
659 2363 798 2430 πολύτλας
816 2368 881 2449 δῖος.
892 2362 1061 2439 Ὀδυσσεύς)

244 2436 362 2506 arpebat
380 2453 492 2490 somnos
511 2436 617 2491 dudum
636 2454 816 2494 aerumnosus
836 2437 939 2493 Vlrxes.

203 2561 317 2629 Vlixes
346 2567 520 2648 postquem
548 2564 589 2629 ad
612 2563 796 2630 Phaeacum
820 2565 899 2630 litus
923 2565 1047 2649 enauit,
1077 2565 1152 2630 fati·

208 2744 224 2793 9
243 2741 411 2794 marcuerat
424 2739 453 2792 P
467 2754 536 2794 corr.
550 2738 650 2808 Perper
668 2740 831 2794 narrauerat
844 2739 971 2810 Vpolctus
1021 2743 1055 2793 10
1072 2741 1154 2808 proci

136 2809 243 2890 autem]
263 2826 315 2878 pro
333 2810 387 2880 tias
399 2810 427 2862 P
440 2811 445 2877 Ι
460 2809 560 2864 habitu
570 2811 598 2864 P
614 2827 681 2865 corr.
697 2811 789 2866 Paria.
808 2811 812 2878 Ι
829 2810 957 2879 cunperti
976 2811 1042 2863 sunt
1052 2811 1153 2880 Peiper
1260 2867 1261 2886 χ

135 2882 254 2950 operet1s
273 2881 301 2934 P
362 2887 394 2933 12
415 2881 637 2949 enauigauerunt
656 2881 757 2936 Hortel
775 2883 804 2936 et
821 2881 1002 2954 nauigalluei.
1023 2881 1071 2948 Pl
1092 2897 1152 2936 mo·
1260 2911 1261 2914 =

136 2951 238 3005 lientos
258 2951 287 3004 P
359 2956 393 3004 14
412 2949 597 3006 dilitiscentes
618 2953 646 3005 P
1260 2973 1261 2980 ¹

208 3033 443 3108 Vatythouum
465 3039 510 3111 ΡΙ
534 3040 626 3095 cubile
644 3041 673 3095 P
688 3057 758 3100 corr.
772 3041 866 3096 Puris.
938 3040 1081 3111 4ca1ipso
1100 3041 1151 3114 Pl
1260 3023 1261 3046 ¹

137 3110 276 3166 conterite
293 3111 334 3165 ΡΙ
359 3109 363 3182 1
389 3110 542 3165 aliscedere
557 3112 586 3165 P
600 3127 670 3166 corr.
691 3113 804 3182 Perper,
828 3111 971 3166 discedere
990 3111 1118 3182 Vpuletus

137 3187 154 3236 5
178 3184 312 3251 properat
334 3186 364 3235 at
382 3182 411 3236 P
430 3197 498 3237 corr.
518 3184 656 3238 Barthiue
683 3185 832 3254 properate
855 3183 981 3252 Vyoletus
1049 3189 1065 3237 6
1085 3185 1153 3238 duo-

137 3253 323 3308 deuicessima
336 3253 364 3306 P
416 3253 578 3323 8proditus
592 3253 743 3310 Mommsen
796 3254 915 3308 anates
931 3255 1039 3308 Pcorr.
1054 3254 1154 3324 Per'pcr

136 3325 237 3379 natans
252 3324 367 3379 Schenkl
388 3323 391 3396 l
413 3323 529 3379 inodam
548 3327 603 3394 (uel
621 3327 697 3393 dam)
718 3326 746 3378 P
767 3326 816 3380 lno
836 3324 890 3379 dea
907 3325 1100 3380 decursiones

138 3402 172 3450 10
190 3393 372 3466 calanticam]
394 3396 441 3464 ΡΙ
462 3397 539 3466 capti
558 3396 587 3450 P
658 3403 689 3450 11
710 3397 884 3467 sustentatus
906 3396 953 3466 ΡΙ
973 3394 1111 3465 pheatum
1128 3398 1156 3450 P

209 3483 249 3537 VI
266 3490 282 3538 3
302 3484 437 3554 pheatum
453 3485 503 3554 ΡΙ
524 3487 658 3539 enauerat
676 3471 840 3555 figatiouem
855 3485 884 3539 P
898 3500 968 3541 corr.
982 3484 1082 3554 Peipcr
1102 3483 1155 3554 (fa-
1260 3535 1261 3556 ,

138 3554 307 3626 tigationem
331 3555 467 3626 Vyoletus)
696 3557 700 3560 ’
1260 3557 1261 3570 ¹
