2540 3962
550 206 787 270 —197-

320 363 380 431 cui
403 365 488 430 dono
511 365 655 449 lepidum
678 386 801 430 nouum
822 365 986 456 libellum,

158 478 209 566 set
230 467 461 557 ἀμουσότερον
485 475 526 541 et,
539 471 664 536 uerius:

320 576 381 643 Cui
404 579 490 643 dono
513 578 706 662 inlepidum,
728 577 841 643 rudem
865 577 1027 663 libellum,
1194 601 1227 650 10

95 694 98 700 “
158 708 225 752 non
253 686 308 751 diu
337 685 497 770 quaesiui3
527 688 564 749 tu
593 685 678 750 enim
706 685 889 770 occurristi,
918 708 1014 770 quern
1042 705 1117 770 ege,
1146 687 1174 752 si

159 775 241 841 mihi
263 777 410 859 potestas
435 772 479 839 sit
497 795 536 838 ex
555 773 705 848 omnibus
725 773 901 858 deligendi,
923 785 1023 839 unum
1048 796 1174 859 semper

159 863 322 948 elegerim.
359 862 435 940 misi
458 861 568 946 itaque
587 862 628 927 ad
647 867 680 927 te
699 863 779 928 haec
795 863 914 928 friuola
932 863 1035 948 gerris
1055 861 1173 930 Siculis

159 952 310 1035 uaniora,
339 955 390 1035 ut,
418 973 491 1016 curn
515 951 585 1036 agis
608 950 705 1035 nihil,
723 952 813 1017 'haec
836 953 997 1036 legaset,
1025 973 1067 1016 ne
1088 952 1173 1016 nihil

159 1063 254 1128 agas,
282 1041 446 1105 defendas.
490 1039 592 1126 igitur
618 1039 681 1104 iste
708 1045 850 1126 nugator
876 1041 1005 1107 libellus
1028 1041 1094 1106 iam
1119 1041 1173 1106 diu
1193 1062 1226 1112 15

135 1157 138 1163 ·
159 1134 284 1195 secreta
304 1129 447 1213 quidem,
468 1130 524 1193 sed
542 1129 634 1214 uulgi
657 1129 798 1195 lectione
820 1130 985 1196 laceratus
1008 1130 1175 1215 perueniet

159 1219 293 1284 tandem
316 1218 350 1284 iu
374 1239 490 1284 manus
514 1221 596 1282 tuas.
640 1239 736 1302 quem
758 1224 795 1282 tu
819 1222 876 1284 aut
898 1224 935 1283 ut
957 1218 1174 1303 Aesculapius

159 1307 398 1394 redintegrabis
423 1308 463 1371 ad
485 1307 602 1388 uitam,
625 1309 682 1371 aut
704 1310 741 1371 ut
759 1307 855 1372 Plato
873 1308 1006 1372 iuuante
1024 1307 1174 1373 Vulcano

159 1396 315 1462 liberabis
342 1396 492 1478 infamia,
522 1396 551 1460 si
577 1395 745 1479 peruenire
772 1418 840 1461 non
863 1396 958 1461 debet
981 1397 1022 1460 ad
1044 1396 1175 1462 famam.

159 1485 224 1550 fuit
247 1489 357 1551 autem
380 1485 555 1568 ineptiolae
582 1483 679 1548 huius
707 1485 773 1548 ista
796 1485 942 1550 materia.
987 1484 1023 1548 in
1046 1486 1173 1568 expedi·
1193 1507 1227 1556 20

158 1575 262 1657 tione,
296 1573 381 1659 quod
409 1577 552 1656 tempus,
583 1575 621 1637 ut
649 1573 726 1655 scis,
755 1573 907 1638 licentiae
935 1572 1087 1638 militaris
1116 1577 1174 1658 cst,

160 1685 258 1747 super
285 1684 432 1727 mensam
459 1683 566 1726 meam
590 1660 751 1726 facta'est
772 1662 942 1746 inuitatis,
966 1683 1033 1727 non
1049 1662 1112 1728 'illa
1136 1663 1174 1727 de

158 1751 276 1816 Rubrii
305 1750 470 1834 conuiuio,
496 1754 534 1815 ut
562 1749 685 1815 Graeco
713 1773 803 1815 more
830 1751 1010 1836 biberetur3
1040 1754 1090 1816 set
1116 1751 1175 1817 illa

160 1840 200 1905 de
223 1839 333 1906 Flacci
362 1840 488 1924 ecloga,
515 1840 550 1905 in
578 1861 642 1924 qua
669 1842 802 1923 propter
828 1840 967 1905 mediam
990 1844 1120 1924 noctem
1143 1845 1176 1904 et

232 2020 266 2069 13
285 2014 375 2084 gerris
395 2012 510 2085 Siculis]
530 2014 565 2071 cf.
584 2013 666 2068 Pauli
685 2013 756 2069 diac.
776 2031 834 2069 exc.
854 2019 897 2084 94,
915 2020 933 2068 4
951 2013 990 2071 Μ.

233 2091 266 2140 19
285 2085 416 2155 Appulei.
436 2084 471 2140 de
489 2101 563 2154 mag.
584 2102 606 2139 c.
622 2091 656 2140 10

232 2162 266 2211 13
286 2155 383 2211 Cicero
402 2156 481 2210 Verr.
501 2157 563 2211 Aet.
582 2157 609 2209 II
629 2163 653 2225 1,
672 2163 707 2212 16
726 2159 795 2227 (6611
816 2155 938 2211 Rubrius
957 2155 1039 2210 istius
1058 2155 1175 2210 comites

158 2226 263 2282 inuitat
282 2270 288 2282 .
309 2271 315 2282 .
335 2229 445 2282 mature
463 2227 593 2297 ueniunt,
618 2228 804 2284 discumbitur
823 2269 829 2283 .
849 2272 856 2284 .
874 2227 908 2282 fit
926 2243 1016 2282 sermo
1034 2225 1109 2281 inter
1127 2243 1175 2282 eos

159 2302 189 2354 ct
206 2298 354 2365 incitatio,
373 2299 406 2352 ut
424 2298 531 2353 Graeco
550 2316 627 2354 more
644 2300 797 2356 biberetur.
1120 2305 1125 2318 “
1258 2303 1261 2308 “

230 2375 266 2424 14
288 2370 385 2424 Horat.
406 2387 427 2424 c.
448 2370 486 2423 III
508 2375 554 2438 19,
573 2376 589 2424 9
605 2388 678 2440 sqq.:
706 2371 744 2425 da
765 2372 848 2425 lunae
870 2385 989 2440 propere
1012 2385 1116 2434 nouae,
1138 2369 1176 2424 da

231 2518 247 2567 8
267 2512 338 2566 done
352 2510 388 2566 V¹
404 2510 409 2581 1
425 2510 584 2582 lepilsldum
599 2512 640 2582 (pi
654 2514 701 2581 ol.)
716 2511 759 2584 171
775 2511 904 2566 liuellum
919 2511 955 2564 V¹
978 2510 1135 2578 lelibellum
1151 2511 1177 2564 Τ

195 2583 301 2708 91111(ᾗ
312 2582 349 2636 171
374 2584 378 2653 1
409 2599 597 2636 ancrccrcrorr
618 2583 645 2636 P
672 2587 889 2652 αμοισοτερονλ
917 2582 1132 2636 amorcotheron
1151 2581 1179 2636 T

159 2669 271 2716 amaroo
302 2671 354 2708 ron
371 2651 398 2706 G
417 2649 624 2720 αὖσονιώτερον
638 2653 722 2710 Sedis.
739 2657 743 2722 1
760 2655 790 2709 et
807 2653 901 2708 uerius
920 2685 954 2694 —
972 2651 1102 2707 libellum
1115 2669 1176 2720 ¹non

159 2742 209 2781 om.
228 2724 288 2779 VP
360 2729 394 2778 10
411 2724 560 2794 illepidum
580 2725 636 2780 Tc
709 2731 741 2779 11
761 2725 848 2796 deligi
870 2724 927 2780 VP
942 2723 1112 2794 diligendil

161 2838 194 2886 13
214 2831 348 2900 elegerim
366 2832 412 2900 Ρ1
428 2831 506 2886 misi:
524 2848 554 2884 m
572 2832 608 2886 al.
627 2848 708 2886 rerer.
728 2831 771 2899 171
787 2831 897 2904 itaque]
914 2808 935 2902 ἕ
956 2814 998 2900 111
1021 2832 1059 2887 ad
1076 2833 1105 2886 te
1124 2847 1174 2887 om.

158 2903 207 2970 ΡΙ
233 2903 286 2956 hcc
308 2902 366 2957 VP
381 2919 431 2958 om.
452 2903 480 2956 Z
498 2902 502 2974 1
527 2902 630 2958 fribola
648 2920 682 2957 cc
700 2901 804 2974 frigola
825 2902 860 2956 171
879 2904 909 2974 (b
927 2904 959 2957 tn
977 2922 996 2957 u
1014 2919 1084 2959 corr.
1104 2905 1142 2972 al)

159 2973 269 3043 gerrhis
288 2973 317 3028 P
333 2973 445 3044 gerchis
463 2977 498 3042 11
522 2973 617 3029 siculis
636 3005 672 3014 —-
690 2992 724 3028 ne
743 2973 816 3029 nihil
834 2991 884 3029 om.
908 2975 968 3029 VP
1039 2980 1073 3028 14
1091 2975 1162 3028 haec

157 3045 192 3098 h⁰
213 3045 258 3115 ΤΙ
278 3061 313 3099 ne
332 3043 406 3099 nill
480 3050 512 3100 15
534 3041 560 3099 ll
578 3045 668 3115 Igitur
686 3045 731 3115 Ρ1
756 3047 798 3100 ste
815 3045 852 3098 V¹
926 3051 959 3099 16
977 3045 1049 3116 tulgi
1066 3045 1113 3113 ΡΙ
1133 3044 1176 3098 la-

158 3118 270 3170 ceratus
290 3117 319 3169 P
391 3122 423 3170 11
443 3119 494 3171 aut
511 3119 540 3170 et
559 3117 606 3185 Ρ1
629 3117 804 3187 aescolapius
827 3116 854 3170 V
874 3115 1015 3185 scolapius
1038 3116 1075 3169 171
1098 3131 1175 3170 esco-

158 3185 245 3257 lipius
263 3187 293 3241 P
364 3193 397 3242 18
415 3187 533 3242 iubante
555 3186 592 3242 171
665 3193 698 3242 19
718 3188 820 3243 debeat
837 3189 867 3243 P
935 3193 970 3243 10
991 3183 1016 3241 (l
1035 3185 1101 3240 Fuit
1121 3185 1172 3258 Ρ1

159 3258 267 3330 autem]
285 3259 394 3336 tam-P
464 3265 497 3312 11
517 3257 614 3314 huius:
633 3259 683 3342 bui
700 3260 733 3314 io
749 3276 806 3314 rac.
825 3261 861 3314 cl.
880 3257 923 3328 171
940 3259 985 3312 sta
1006 3257 1063 3324 1711
1085 3259 1175 3312 mate-

157 3365 211 3436 rial
231 3364 258 3419 V
316 3371 351 3419 11
369 3381 462 3419 meam
480 3363 535 3434 luit
552 3348 771 3420 facta⁰menuo
792 3365 835 3434 111
851 3365 915 3419 illa:
935 3381 953 3418 a
971 3381 1004 3420 ea
1022 3364 1141 3435 ipr.T

158 3442 192 3490 13
212 3435 323 3507 Rubrii]
343 3436 460 3491 ludibrii
479 3437 505 3490 Z
519 3439 524 3505 1
539 3453 624 3507 greco
645 3435 673 3491 V
688 3438 720 3490 ut
738 3452 821 3506 greco
840 3451 918 3490 mora
937 3451 987 3490 om.
1005 3437 1030 3490 Τ
1045 3441 1048 3502 Ι
1064 3436 1175 3492 hibere·

156 3511 204 3562 tur
222 3509 251 3562 P
266 3506 402 3562 liberetur
419 3512 434 3561 l
453 3509 578 3564 biberem
600 3508 646 3576 ΤΙ
670 3508 725 3580 set]
750 3507 785 3562 V¹
858 3513 893 3561 14
910 3509 967 3562 faor
990 3507 1048 3578 1711
1073 3509 1175 3578 egloga

161 3579 251 3634 VPT
276 3579 397 3650 aegloga
414 3577 463 3634 λθ
