2466 3958
525 214 723 260 ...X-

189 354 261 420 Hoo
284 358 392 420 autem
417 355 457 419 ad
476 355 641 440 exemplar
660 375 771 420 omnes
794 358 955 438 quotquot
974 354 1132 420 babemus

122 445 223 510 libros
247 443 453 510 Ausonianoe
476 444 580 508 redire
602 443 683 507 mihi
706 443 834 528 quidem
857 465 1048 528 persuasum
1072 448 1132 509 est.

123 555 260 618 quorum
284 533 363 598 duas
387 533 479 597 uideo
503 532 699 617 principales
718 553 788 596 esee
808 531 937 615 classes,
961 531 1133 596 alteramI

122 622 413 687 decurtatorum
432 644 451 686 a
468 619 562 704 fine,
585 622 638 685 uel
662 642 781 704 eorum,
804 620 859 704 qui
883 620 971 685 ducti
995 624 1069 684 sunt
1093 642 1132 686 ex

123 710 349 794 antiquissimo
379 711 436 774 illo
466 709 588 793 codice,
618 709 670 774 cui
700 709 826 792 abrepti
854 709 995 774 fuissent
1023 708 1132 773 ultimi

124 799 361 883 quaterniones,
389 798 562 883 inquibus
585 797 739 883 pleraque
762 795 841 883 (non
865 795 1022 882 omnia*),
1050 819 1132 882 quae

121 891 198 970 post
217 889 353 952 alteram
372 887 548 954 editionem
564 891 776 970 accesserant,
794 908 868 951 cum
881 889 974 970 parte
988 885 1133 970 priorum

121 976 331 1061 legebantur,
354 976 491 1041 alteram
514 975 548 1040 ΙΙ
571 997 691 1058 eorum,
713 974 770 1059 qui
792 975 960 1040 der‘iuati
984 978 1061 1040 sunt
1089 995 1132 1038 ex

120 1065 219 1148 ipsis
252 1064 313 1128 his
345 1065 497 1129 ultimis
530 1063 870 1149 quaternionibus,
902 1064 1019 1147 quibus
1055 1084 1132 1128 mox

122 1152 293 1217 adiunctae
313 1156 388 1217 sunt
409 1154 546 1218 laciniae
570 1151 689 1217 codicis
713 1152 846 1218 alieuius
871 1152 1012 1217 caricae
1032 1151 1131 1216 tineis

122 1241 227 1325 adesi,
249 1242 357 1306 neseio
383 1264 425 1306 an
448 1241 603 1324 eiusdem,
626 1240 716 1306 cuius
740 1241 803 1323 ipsi
826 1241 906 1306 olim
929 1240 1069 1306 fuerant.

188 1328 363 1414 Vtriusque
391 1333 500 1395 autem
528 1330 642 1395 classis
667 1329 781 1406 libros,
809 1351 848 1394 ex
872 1328 988 1413 quibus
1011 1328 1132 1412 plenis-

122 1417 196 1482 simi
224 1422 300 1483 sunt
330 1418 405 1484 binc
429 1417 623 1500 Vossianus,
650 1417 741 1483 illinc
769 1417 930 1500 Tilianue,
958 1417 999 1482 ab
1023 1415 1131 1482 arohe-

120 1506 209 1590 typis
243 1507 309 1572 suis
341 1529 399 1592 per
431 1508 633 1574 saeculorum
664 1527 793 1572 cursum
825 1506 935 1571 multis
965 1505 1046 1572 locis
1078 1505 1133 1570 de·

121 1595 256 1659 sciuisse
280 1596 356 1679 quid
378 1595 517 1660 mirum?
554 1618 631 1661 nam
659 1598 692 1660 et
715 1595 858 1660 omissa
881 1598 957 1659 sunt
979 1594 1132 1678 earmina,
1219 1629 1220 1644 κ

120 1682 209 1747 utin
229 1682 426 1748 Vossiano
445 1684 620 1749 Theodosii
639 1683 788 1767 epistula,
809 1683 907 1767 primi
927 1704 1041 1748 uersus
1060 1703 1129 1746 ear·

120 1770 217 1836 minis
237 1773 322 1856 quod
340 1773 535 1856 sequebatur
553 1771 748 1855 Hesiodion,
767 1771 805 1835 de
825 1772 989 1836 mensibus
1009 1772 1132 1856 ecloga,

120 1882 216 1942 quam
244 1883 347 1943 paene
375 1861 478 1926 solam
501 1882 540 1925 ex
569 1861 689 1944 eclogia
713 1861 858 1924 seruauit
881 1861 983 1925 altera
1006 1860 1130 1943 classis,

120 1946 296 2013 Caesarum
319 1949 392 2014 finis
416 1946 505 2034 (nam
529 1949 570 2013 ab
594 1950 666 2032 ipso
690 1947 837 2014 Ausonio
862 1949 933 2033 quis
958 1949 1130 2013 credetne

118 2037 345 2102 tetrastichum
369 2038 497 2121 quidem
515 2037 667 2102 ultimum
687 2059 756 2103 erse
776 2034 1008 2122 absolutumt),
1030 2035 1129 2120 porro

118 2123 247 2190 Paulini
260 2147 373 2190 uersus
382 2126 443 2211 Ep.
452 2125 544 2190 XXX
559 2149 610 2192 uu.
619 2126 762 2211 49-68,
777 2148 905 2191 carmen
920 2126 958 2190 de
973 2125 1131 2212 ambigui·

119 2216 186 2278 tate
207 2215 294 2278 uitae
317 2237 370 2279 uu.
396 2215 539 2298 18-23,
562 2215 628 2280 alia
651 2218 683 2279 ct
705 2214 844 2281 Ausonii
862 2218 895 2280 et
912 2214 1041 2280 Paulini
1065 2235 1131 2280 car·

119 2301 216 2385 mina,
231 2324 313 2386 quae
327 2303 361 2367 in
372 2302 582 2387 Lugdunensi
597 2304 714 2382 codiee,
728 2303 882 2369 Vossiani
897 2303 953 2388 qui
965 2302 1074 2369 neseio
1090 2325 1132 2368 an

118 2389 218 2454 fuerit
240 2395 341 2475 pater,
363 2395 440 2477 poet
458 2415 482 2456 s.
502 2391 567 2457 VH
585 2393 726 2457 medium
749 2396 860 2458 auctor
882 2393 939 2457 ille
962 2393 1000 2457 de
1024 2391 1130 2456 dubiis
1217 2463 1218 2470 ,

118 2479 305 2544 nominibus
323 2482 449 2565 legerat
468 2479 546 2566 (uid
562 2479 748 2567 Ueberl.**)
766 2504 798 2565 p.
812 2481 876 2546 269
892 2478 968 2568 eq.);
985 2480 1021 2544 in
1035 2480 1130 2545 Tili-

119 2588 189 2633 ano
210 2566 358 2634 Bissulae
377 2571 528 2654 pleraque
553 2567 643 2656 (nam
661 2571 741 2654 quin
762 2592 800 2634 ea
821 2570 951 2655 integra
969 2591 1036 2635 non
1054 2570 1131 2653 sint,
1217 2575 1218 2610 l

118 2655 368 2741 uix'quisquam
391 2658 567 2742 dubitabit,
595 2659 651 2742 qui
676 2658 822 2724 morandi
845 2680 959 2723 causae
983 2680 1129 2743 quaeque

117 2744 188 2828 ipse
220 2744 385 2812 Ausonius
418 2747 459 2811 ad
490 2746 628 2812 Paulum
661 2748 700 2812 de
728 2748 774 2813 eis
805 2747 950 2831 scripsit,
983 2753 1130 2812 accurate

117 2835 353 2921 perpenderit)3
387 2836 452 2900 alia
484 2836 620 2901 addita
649 2840 738 2919 sunt,
776 2836 804 2900 si
839 2836 929 2901 audis
967 2835 1023 2920 qui
1057 2836 1130 2900 rho·
1216 2907 1217 2916 ,

117 2922 240 3005 palicos
264 2923 347 2990 istos
371 2946 482 2990 uersus
506 2925 546 2990 ab
570 2923 717 2990 Ausonio
742 2925 865 2990 alienos
889 2929 1036 3008 censent,
1060 2925 1130 3009 qui·
1216 2949 1217 2952 ¹

118 3010 177 3075 bus
207 3033 288 3094 quae
316 3035 479 3099 opponam
507 3036 611 3097 pauca
638 3013 743 3079 habeo
771 3016 805 3078 et
828 3013 961 3096 debilia,
993 3013 1130 3097 denique

117 3098 188 3183 ipsa
202 3101 302 3165 uerba
316 3103 490 3168 sescenties
505 3107 581 3168 sunt
595 3103 648 3167 uel
661 3105 815 3187 corrupta
830 3103 881 3166 uel
895 3103 979 3167 male
994 3105 1129 3167 mutata.

182 3187 229 3253 At
258 3189 447 3272 quotidiana
467 3191 547 3257 haee
575 3193 652 3256 sunt
679 3194 713 3255 et
740 3190 903 3275 uulgaria3
928 3191 1029 3255 aliam
1051 3191 1131 3256 fecit

203 3344 229 3414 ³¹⁶)
249 3363 393 3430 namnon
411 3347 530 3418 abrepta
548 3349 592 3404 est
610 3347 732 3418 epistula
755 3347 791 3403 ad
814 3346 912 3418 filium,
936 3362 1020 3416 quam
1043 3348 1127 3402 modo

116 3431 403 3474 commemorammus.

187 3486 229 3557 **)
248 3487 385 3560 RPeiper,
399 3490 451 3546 Die
465 3488 716 3545 handsohriftliehe
729 3487 962 3556 Ueberlieferung
977 3488 1026 3541 des
1040 3487 1130 3543 Auso—

115 3559 178 3616 nius
185 3559 293 3630 (Jahrb.
304 3559 324 3616 f.
335 3561 415 3617 class.
425 3559 594 3630 Philologie,
606 3559 703 3631 Suppl.
714 3559 752 3614 Xl
764 3561 915 3629 191-353)
926 3557 1040 3629 Leipzig
1050 3565 1128 3616 1879.
