2466 3958
645 123 657 158 Ο

441 233 486 243 -
530 214 630 262 nvnul
675 233 717 245 -·

77 409 125 478 II.
156 408 325 475 Deriuati
348 425 395 474 ex
413 407 558 474 ultimis
581 407 766 492 archetypi
787 408 1085 490 quaternionibus

497 515 657 599 abreptis

135 639 348 726 Singulorum
358 641 505 706 codicum
519 641 731 724 descriptioni
745 641 918 725 praemitto
937 641 1086 706 tabulam
1101 657 1128 710 Z

73 731 309 813 opusculorum,
324 752 407 814 quae
420 729 515 794 huius
530 729 673 793 familiae
688 730 780 793 libris
792 730 831 793 ad
840 752 900 794 nos
915 734 1084 795 uenerunt.

71 839 128 882 nec
150 821 262 883 tamen
286 819 369 883 satis
389 819 429 883 ad
454 841 523 882 rem
546 818 718 882 uidebatur
734 817 937 883 brebiculum
955 822 1084 882 tantum

72 927 179 971 eorum
193 928 363 972 recensum
379 908 469 971 dare:
489 906 715 972 describendae
732 911 825 971 erant
840 910 996 990 quantum
1015 907 1084 972 fieri

71 1031 283 1042 n——.-——

142 1081 289 1137 Ihuuncue
309 1081 403 1135 Paria.
422 1083 498 1135 8069
517 1099 538 1135 s.
552 1079 591 1134 XI
610 1079 628 1135 f.
646 1086 696 1135 127
711 1081 785 1150 (arta
797 1080 1002 1136 necessitudine
1022 1098 1084 1135 cum
1224 1071 1225 1150 l

71 1150 97 1204 B
120 1153 295 1278 (13ῃέ010101,
324 1152 373 1207 sed
401 1151 491 1205 altera
512 1169 549 1205 m.
573 1152 715 1220 permulta
741 1151 771 1206 in
797 1151 920 1206 deterius
945 1151 1084 1221 mutauit).

72 1239 164 1277 acce1

139 1295 315 1350 Patauiumcs
332 1292 470 1348 NHeinsii
490 1293 530 1363 (in
549 1311 603 1363 quo
625 1293 710 1348 etiam
731 1294 873 1364 catalepta
892 1291 1026 1362 Maronis)

138 1367 187 1421 His
207 1366 363 1421 deteriores
383 1365 468 1419 etiam
487 1366 552 1418 sunt
570 1364 635 1418 libri
653 1363 835 1419 Sidoniani
853 1384 873 1420 a.
889 1364 950 1434 XII,
972 1382 1041 1434 quos
1062 1365 1086 1418 Φ
1106 1367 1130 1418 Φ
1224 1359 1225 1372 ’

71 1434 163 1490 littera
177 1437 396 1506 comprehendo,
410 1435 629 1490 monosticha
643 1438 756 1490 autem
770 1436 845 1491 sola
858 1437 977 1490 habent:
992 1437 1084 1491 Punic.

70 1510 148 1576 2782,
161 1509 297 1563 Laudent.
313 1510 359 1576 45,
372 1511 419 1575 26,
432 1507 517 1562 Baro.
532 1509 596 1574 285,
610 1507 814 1577 Montispessul.
829 1508 909 1562 schol.
924 1509 990 1563 med.
1009 1508 1048 1562 H.
1059 1511 1084 1562 4.

72 1595 185 1645 quorum
203 1579 299 1633 ultimi
319 1579 375 1633 duo
395 1595 456 1632 cum
475 1578 633 1632 Mellicensi
651 1578 722 1633 libro
742 1577 857 1648 cognati
876 1581 952 1645 sunt,
975 1577 1086 1633 accedit

72 1663 150 1773 saepe
175 1648 411 1788 Suffetcniatnus(
437 1649 515 1775 fidei
537 1649 628 1774 {collau
654 1652 726 1704 5801
737 1668 770 1793 βε).
798 1649 862 1718 XII,
891 1649 939 1718 qui
963 1649 993 1704 in
1021 1648 1084 1705 aliis

71 1737 186 1776 cassem
255 1738 382 1776 semor
412 1745 446 1766 ==
481 1737 773 1776 cene1un.

136 1793 207 1848 Post
228 1739 451 1846 moiiosticha
478 1795 627 1846 seruarunt
652 1740 695 1862 (iit
715 1742 900 1863 itellicensis)
923 1793 1085 1848 tetrasti-

71 1864 204 1918 chorum
233 1883 281 1918 uu.
312 1869 325 1917 1
360 1865 390 1917 et
421 1869 437 1917 2
470 1863 536 1918 libri
573 1866 604 1916 Ψ
633 1862 853 1918 Suetoniani:
886 1865 977 1920 Porta.
1012 1867 1086 1919 5802
1113 1867 1144 1917 Ψ

71 1953 90 1990 s.
107 1935 181 2002 XIII,
201 1936 295 1990 Parus.
315 1939 387 1989 6116
407 1953 427 1988 s.
448 1933 499 1988 XII
520 1933 557 2002 (in
583 1935 638 1989 hoc
657 1937 686 1989 et
704 1951 737 1989 eo
757 1937 805 2003 qui
825 1934 951 2004 sequitur
970 1935 1084 1990 SidonIo

70 2006 235 2076 adscripta),
263 2007 398 2061 Laurent.
424 2009 475 2074 64,
497 2009 516 2060 8
539 2024 560 2060 s.
584 2005 666 2072 XIII,
690 2007 823 2062 Lacerant.
849 2012 900 2076 66,
924 2011 959 2061 39
983 2025 1004 2060 s.
1024 2005 1085 2074 XII,

71 2077 151 2132 Besa.
171 2081 228 2132 104
248 2096 269 2131 s.
283 2077 365 2132 XIIII
379 2078 468 2143 (cuius
484 2078 678 2147 apographum
692 2077 722 2134 P.
739 2077 862 2133 Danielis
876 2093 961 2132 manu
979 2075 1085 2131 iactum

69 2153 108 2202 est
129 2149 215 2204 Bere.
238 2152 292 2204 189
316 2150 680 2220 mammoneamque
702 2148 797 2204 nescio
822 2148 884 2218 quis
907 2150 943 2204 ab
967 2148 1084 2204 Heinsio

70 2219 195 2275 conlatus
214 2222 260 2289 (=
275 2219 437 2274 Schenkelii
455 2222 599 2290 pddnor).

137 2293 247 2347 Horum
266 2291 392 2346 omnium
411 2309 445 2346 ex
463 2291 541 2345 nullo
559 2308 596 2345 ne
614 2290 730 2361 exiguus
754 2291 867 2362 quidem
889 2291 996 2346 fructus
1017 2291 1084 2346 Cae

71 2361 177 2418 caribus
199 2363 349 2416 redundat.
397 2363 585 2432 corruptionis
609 2363 694 2416 latins
718 2363 856 2432 serpentis
877 2363 908 2416 in
930 2362 974 2416 his
1003 2362 1084 2417 libris

68 2434 118 2489 hoc
145 2437 190 2489 est
217 2434 402 2502 praecipuum
431 2435 601 2502 exemplum:
630 2433 678 2502 qui
706 2439 772 2488 sunt
787 2434 928 2490 ‘meliores
953 2434 987 2500 Y,
1005 2450 1085 2496 ,cum

69 2505 144 2559 libris
168 2505 294 2560 ΒΡΣΕ
323 2504 491 2574 simpliciter
515 2504 651 2559 omittunt
673 2508 791 2561 monost.
816 2511 850 2560 28
870 2506 900 2560 et
921 2511 968 2570 3⁰3
996 2503 1085 2559 altera

70 2576 164 2630 classis
186 2579 210 2629 Φ
233 2592 290 2630 non
315 2576 424 2630 omittit
445 2578 555 2630 tantum
575 2592 635 2642 eos,
660 2576 709 2630 sed
728 2575 868 2630 inlocum
888 2575 984 2630 amissi
1002 2594 1029 2629 u.
1049 2582 1084 2630 90

70 2647 229 2717 transponit
242 2665 269 2702 u.
285 2653 332 2713 333
351 2647 453 2701 tertiae
468 2649 498 2701 et
516 2649 633 2715 quartae
653 2647 723 2700 ΧΨ
735 2647 846 2702 codices
860 2645 972 2701 omissis
987 2663 1034 2700 uu.
1049 2652 1083 2702 28

70 2722 97 2772 et
114 2725 149 2773 30
166 2717 350 2787 repositoque
368 2718 397 2772 in
416 2733 514 2772 uersus
529 2724 564 2772 30
578 2718 670 2772 locum
684 2735 769 2772 uersu
784 2725 817 2774 33
836 2734 940 2772 nonum
960 2718 1085 2772 condunt

68 2806 176 2844 uenum
201 2795 251 2858 26,
274 2789 378 2858 quiin
401 2789 516 2858 optimis
540 2789 698 2858 interierat,
722 2789 824 2844 deinde
848 2790 981 2858 supplent
1005 2804 1031 2842 u.
1051 2795 1084 2844 28

7 2857 8 2868 ¹
67 2859 116 2930 bis,
135 2861 258 2985 denique
276 2877 352 2914 nouo
371 2860 506 2928 figmento
525 2859 669 2928 lacunam,
689 2877 761 2929 quae
780 2861 896 2930 expulso
915 2879 942 2916 u.
962 2866 996 2915 83
1017 2861 1085 2915 nata

68 2937 125 2986 erat
158 2949 192 2986 ex
225 2933 282 2986 ent.

7 2991 9 3014 ³
130 2974 176 3058 ’De
193 2951 246 3057 IIris
266 3001 395 3058 omnibus
413 3001 553 3056 uidendus
575 3001 705 3058 Schenkl.
726 3021 752 3072 p.
771 3002 886 3068 XLVII,
910 3003 958 3071 qui
981 3002 1084 3072 pleros·

68 3090 118 3142 que
131 3073 234 3128 habuit
247 3073 383 3129 conlatus.
412 3091 516 3143 paucos
535 3075 595 3143 ipse
615 3074 710 3141 habui,
731 3073 765 3128 de
784 3075 886 3143 quibus
899 3075 957 3128 uid.
972 3073 1082 3129 Ueberl.

73 3151 120 3199 302
130 3163 191 3214 sqq.

133 3217 166 3270 In
195 3215 295 3270 multis
326 3214 390 3269 aliis
418 3215 498 3270 libris
525 3217 648 3271 nondum
682 3216 801 3271 conlatis
833 3215 1010 3272 monosticha
1041 3215 1083 3270 in-

8 3341 9 3344 ,
72 3287 215 3342 ueniuntur
238 3303 263 3340 e.
287 3305 314 3357 g.
334 3286 481 3341 Vaticanis
506 3292 573 3342 1909
593 3289 623 3342 et
642 3292 709 3342 1911
730 3291 759 3342 et
777 3293 847 3343 3688
871 3307 891 3343 s.
911 3287 988 3354 XVI,
1015 3287 1085 3341 Bar-

7 3371 8 3378 *
71 3357 161 3414 berino
184 3364 256 3414 2127
282 3373 302 3412 s.
328 3357 406 3424 XVI,
429 3357 692 3413 Vindobonensibus
716 3365 769 3413 964
793 3363 822 3414 et
845 3363 896 3414 265
924 3358 1007 3412 Endl.
1033 3357 1085 3412 XV

7 3443 8 3452 ¹
74 3431 140 3498 (post
167 3427 359 3497 Suetonium),
389 3428 532 3484 Sedinensi
559 3429 626 3483 bibl.
646 3430 756 3499 'Gymm
785 3430 821 3484 ad
850 3430 876 3484 S.
904 3429 1022 3484 Mariam
1049 3435 1082 3484 27

74 3517 91 3555 s.
108 3501 183 3556 XIIII
202 3503 314 3571 (nemus
335 3499 471 3570 Sydonii),
491 3501 580 3556 musei
594 3500 719 3556 Britann.
739 3501 802 3556 add.
823 3506 989 3572 ms.12,009
1009 3504 1084 3571 (post

75 3572 255 3643 Suetonium),
276 3588 395 3642 quornm
415 3571 549 3628 lectiones
568 3589 650 3627 nemo
668 3572 725 3627 iam
740 3573 919 3628 desiderabit.
