2540 3962
538 178 777 244 -208νη

148 338 253 404 simile
276 341 314 402 ut
337 337 425 402 dicas
448 336 590 417 ludicro,
612 337 698 423 quod
717 335 832 402 Graeci
856 339 1083 403 ostomachian
1106 360 1163 404 uo·
1263 356 1268 365 '

147 447 270 492 cauere.
315 427 456 492 ossicula
480 448 518 491 ea
541 429 629 491 sunt:
653 426 694 490 ad
716 448 877 492 summam
901 427 1163 510 quattuordecim

147 516 268 601 figuras
282 515 498 601 geometricas
512 514 644 580 habent.
667 519 744 580 sunt
753 516 840 580 enim
851 516 1031 599 aequaliter
1043 517 1163 601 trique-

147 608 213 670 tra:
226 605 279 668 nel
293 603 433 669 extentis
447 603 541 669 lineis
556 605 607 668 551
618 603 804 688 (eiusdem)
818 604 945 686 frontis,
959 604 1163 688 <aelrectis>
1183 623 1218 672 45

149 693 278 778 angulis
297 694 349 758 uel
369 692 523 776 obliquis:
546 692 681 757 isoscele
699 693 764 775 ipsi
782 693 835 756 uel
853 693 1018 777 isopleura
1035 698 1165 778 uocant,

149 781 346 866 orthogonia
356 802 483 866 quoque
493 783 526 845 55
536 782 674 847 scalena.
692 781 811 846 harum
820 783 1052 847 uerticularum
1062 784 1165 848 uariis

149 871 352 955 coagmentis
375 869 571 934 simulantur
595 869 718 953 species
741 869 832 935 mille
854 869 1051 937 formarum:
1077 870 1164 936 hele·

148 959 291 1044 phantus
306 959 401 1023 belua
419 963 476 1023 aut
494 980 572 1042 aper
585 958 701 1040 bestia,
719 980 815 1023 anser
828 959 944 1024 uolans
960 963 993 1024 et
1008 959 1164 1026 mirmillo

148 1050 183 1113 in
207 1048 315 1131 annis,
339 1046 508 1112 subsidens
537 1051 674 1112 uenator
702 1051 735 1111 et
756 1047 880 1112 latrans
903 1048 1003 1132 canis,
1029 1049 1109 1133 quin
1132 1052 1219 1115 5555

147 1136 247 1201 turris
271 1140 306 1199 et
329 1135 504 1201 cantharus
528 1139 562 1200 et
585 1136 649 1200 alia
671 1135 858 1201 huiusmodi
881 1136 1166 1202 innumerabilium

148 1225 341 1310 figurarum,
372 1246 455 1309 quac
488 1224 571 1291 alius
605 1224 670 1289 alio
699 1225 853 1289 scientius
881 1225 1062 1309 uariegant.
1109 1225 1167 1290 sad

148 1313 330 1399 peritorum
367 1313 571 1378 concinnatio
608 1313 800 1378 miraculum
836 1317 901 1396 555,
938 1313 1166 1397 imperitorum

149 1402 301 1468 iunctura
332 1401 513 1466 ridiculum.
560 1423 624 1486 quo
656 1402 822 1487 praedicto
856 1403 954 1485 scies,
986 1403 1071 1486 quod
1103 1423 1166 1488 ego

149 1492 364 1577 posteriorem
387 1490 534 1556 imitatus
558 1513 639 1556 sum.
678 1491 740 1557 hoc
763 1512 841 1576 crgo
865 1492 1011 1556 centonis
1031 1513 1167 1575 opuscu-
1186 1509 1222 1558 55

149 1581 218 1645 lum
241 1583 277 1644 55
300 1580 354 1644 illc
378 1579 473 1644 ludus
496 1582 671 1662 tractatur,
694 1579 767 1663 pari
789 1580 886 1645 modo
911 1601 1024 1645 sensus
1046 1579 1168 1645 diuersi

150 1673 188 1734 55
215 1673 408 1754 congruant,
438 1669 593 1751 adoptiua
621 1690 702 1753 quae
731 1672 820 1750 5555,
849 1672 886 1733 55
914 1672 1057 1754 cognata
1078 1669 1169 1733 uide·

151 1760 262 1841 antur,
285 1757 451 1822 alienare
470 1757 700 1822 interluceant:
724 1757 881 1822 arcessita
902 1778 943 1821 55
967 1758 1035 1822 uim
1057 1758 1168 1822 redar-

151 1850 267 1931 guant,
292 1845 394 1909 densa
411 1866 452 1909 55
471 1867 569 1928 supra
587 1846 720 1911 modum
743 1846 970 1929 protuberent,
993 1847 1103 1912 hiulca
1125 1867 1168 1913 ne

150 1937 294 2019 pateant.
337 1955 419 2018 quae
443 1933 472 1998 si
496 1935 607 1998 omnia
629 1935 678 2020 ita
700 1935 762 2000 tibi
785 1935 992 2019 uidebuntur,
1014 1938 1052 2000 55
1074 1956 1166 2019 prae·
1188 1953 1220 2003 55
1263 1981 1269 1994 .

151 2026 281 2106 ceptum
306 2026 368 2105 555,
391 2021 477 2087 dices
500 2044 553 2087 me
575 2024 798 2107 composuisse
821 2027 1000 2089 centonem.
1038 2027 1072 2088 et
1091 2025 1168 2109 quia

152 2112 213 2176 sub
236 2112 432 2196 imperatore
455 2132 529 2176 mco
551 2114 622 2176 tum
640 2113 759 2196 merui,
781 2113 954 2196 procedere
977 2113 1059 2178 mihi
1082 2113 1169 2178 inter
1265 2181 1269 2202 ⁴

150 2200 337 2285 frequentas
357 2200 554 2283 stipendium
572 2201 715 2266 iubebis:
737 2203 788 2265 sin
807 2199 913 2285 aliter,
932 2223 1006 2267 aare
1025 2202 1169 2266 dirutum
1262 2241 1269 2262 1

151 2288 263 2372 facies,
295 2292 332 2353 55
360 2289 488 2356 cumulo
516 2290 671 2354 carminis
699 2291 734 2355 in
765 2290 879 2354 fiscum
913 2312 1007 2356 suum
1035 2284 1167 2356 redacto

151 2377 285 2443 redeant
306 2398 433 2461 uersus,
456 2377 542 2442 unde
564 2381 732 2444 uenerunt
768 2378 851 2444 uale.
1187 2397 1224 2446 55

223 2552 417 2608 assimile-
431 2567 568 2607 uocauere
587 2567 636 2607 om.
656 2551 1165 2624 ctiamorp.pr.add.lsimile31'l
1267 2597 1268 2622 ,

152 2623 285 2712 greciTl
306 2621 482 2681 stomachion
495 2623 549 2678 Tc*
567 2624 784 2708 estomaclriont
804 2624 999 2679 ostomachion
1010 2624 1169 2708 (iudicata
1267 2641 1268 2648 ¹

151 2694 1168 2846 555555555555555,513555555
1266 2769 1267 2778 ¹

152 2838 221 2906 lepor
233 2841 311 2904 2,26
327 2840 332 2906 l
348 2837 597 2905 quatuordecimT
613 2837 717 2891 XIIIIt
771 2842 877 2892 44-46
897 2839 964 2891 sunt
981 2854 1057 2891 emm
1072 2852 1169 2906 acqur-

152 2908 244 2962 latera
266 2908 313 2962 551
335 2909 475 2976 triquetra
492 2908 613 2962 extentis
636 2906 718 2962 lineis
738 2908 786 2962 uel
805 2909 888 2978 (sict
913 2909 963 2962 aut
977 2908 1045 2978 ΤΘ)
1068 2907 1170 2963 frontis
1266 2961 1267 2974 ,

154 2976 249 3049 (rectis
264 2994 318 3047 pro
331 2976 433 3033 frontis
445 2979 598 3048 Acontius)
618 2977 730 3048 angulis
749 2977 797 3033 551
815 2979 938 3047 obliquis
951 2979 978 3032 Z
998 2981 1064 3035 boec
1077 2983 1170 3048 aperte

152 3055 283 3118 corrupta
312 3049 358 3120 (cf.
382 3050 508 3105 Macrob.
537 3050 585 3103 VI
606 3054 675 3117 712,
700 3050 815 3105 Boetius
837 3063 886 3105 crs
908 3066 990 3120 peom.
1010 3067 1041 3120 p.
1065 3053 1122 3106 376
1145 3054 1170 3104 et

153 3125 207 3176 404
226 3120 344 3188 Friedl.)
362 3136 432 3177 corr.
454 3121 554 3190 Peiper
625 3126 660 3176 46
679 3119 857 3176 iseosceleG
881 3119 1005 3176 isochele
1027 3121 1053 3175 Τ
1076 3121 1171 3176 idest

154 3192 314 3261 concelet!
335 3192 464 3261 aopleura
482 3193 509 3246 Z
526 3207 594 3246 corr.
617 3190 744 3262 Vpoletus
763 3193 768 3264 Ι
793 3193 952 3263 orthogona
971 3192 998 3246 Τ
1067 3197 1102 3246 48
1121 3192 1170 3247 he-

153 3262 305 3345 lephantus
326 3263 368 3317 nt
396 3261 584 3334 (helephantis
603 3262 641 3331 2¹)
665 3261 878 3334 elephantus&
948 3262 1099 3318 49551155
1120 3261 1147 3316 T
1265 3297 1266 3300 =

153 3333 276 3389 mirmilo
298 3333 324 3389 Τ
374 3340 406 3389 51
426 3334 524 3406 turris]
547 3334 665 3389 turturis
684 3333 919 3404 Gaelprhcrbytana'
938 3335 943 3402 Ι
966 3336 1097 3389 cantaras
1117 3334 1146 3388 Z

153 3405 328 3477 huiuamodi]
352 3404 471 3461 hui’iT
521 3411 554 3461 52
574 3405 717 3474 aariigant
736 3406 761 3460 Τ
814 3409 848 3460 tt
866 3404 1035 3475 posteriores
1056 3405 1117 3461 Tell

153 3481 189 3532 58
208 3476 333 3532 alienum
345 3477 383 3544 Z,
402 3495 470 3535 corr.
485 3478 628 3534 Acontius
644 3481 649 3546 l
664 3476 852 3532 interluceant
865 3476 910 3532 Gr
928 3476 1098 3532 interluceat
1112 3476 1141 3530 Τ

155 3553 189 3602 tn
207 3547 390 3622 imperatore]
409 3549 531 3622 imperat
550 3549 606 3605 Tc
625 3549 630 3620 Ι
655 3552 797 3605 mactum
815 3549 880 3604 Αἶά.
899 3549 1006 3602 metum
1024 3548 1052 3602 Z
