2540 3962
509 202 752 270 -235—

9 433 10 454 ,
60 394 137 436 vnn
150 395 200 444 [403
209 394 316 446 Ep.me
460 376 628 432 ΑΥΕΟΝΙΟ(
645 378 791 434 ΠΑΥΛωΙ.

9 475 11 546 l
112 479 287 567 Ῥωμαίων
311 479 435 561 ὕπατος
457 477 646 573 ἄρεταλόγῳ
671 479 731 570 ἠδὲ
754 488 889 574 ποιητῇ,

9 581 10 604 ¹
162 567 333 650 Αὐσόνιος
356 568 496 662 Παύλῳ·
520 574 644 638 σπεῦδε
667 577 788 658 φίλους
812 576 923 642 ἰδέειν.

62 677 84 718 Χ
100 677 148 727 [403
157 677 286 728 Ερ.κ1111]’

116 751 322 834 Aequoream
346 750 426 834 liqui
449 754 482 816 te
505 754 651 836 propter,
675 754 790 834 amice,
815 751 1028 841 Garumnam,

161 839 208 904 Te
231 843 364 924 propter
387 859 519 923 campos
543 839 652 905 incolo
677 838 880 908 Santoniuos.

118 925 320 1012 Congressus
344 927 446 1013 igitur
468 931 601 992 nostros
624 932 713 1013 pete;
738 931 767 994 si
789 930 852 996 tibi
875 952 965 1017 cura,

163 1015 251 1092 Quae
275 1016 371 1099 mihi,
383 1021 571 1102 conspectu
594 1016 661 1082 iem
684 1019 810 1101 potiere
832 1015 915 1085 meo.

118 1101 181 1168 Sed
199 1107 327 1170 tantum
348 1104 538 1190 adpropera,
562 1109 720 1188 quantum
739 1111 817 1192 pote
835 1129 969 1192 corpore
989 1111 1021 1172 et
1040 1130 1134 1191 aau03

161 1191 208 1257 Vt
230 1193 357 1257 saluum
380 1193 523 1278 uideam,
547 1197 599 1258 sat
622 1195 687 1260 cito
710 1199 743 1259 te
767 1196 870 1261 uideo.
1118 1213 1134 1262 6

117 1277 152 1346 Si
174 1285 250 1364 post
272 1281 432 1346 infaustas
456 1282 551 1367 uigor
573 1281 756 1368 integratus
779 1284 935 1350 habenas·

161 1367 206 1434 Et
228 1369 325 1435 rediit
347 1370 502 1435 membris
525 1371 591 1435 iam
615 1392 674 1436 sua
697 1372 876 1455 mobilitas,

118 1455 153 1522 si
175 1458 302 1542 riguam
324 1458 420 1523 laetis
443 1459 558 1524 recolis
582 1458 732 1544 Pipleida
754 1459 871 1544 Music,

160 1544 231 1610 Iam
254 1548 347 1611 uates
371 1551 404 1612 et
426 1569 492 1612 non
515 1546 662 1632 flagrifer
684 1547 907 1630 Automedon,
1101 1566 1133 1614 10

116 1631 206 1698 Pelle
230 1635 399 1720 soporiferi
423 1635 549 1700 senium
571 1636 756 1721 nubemque
780 1639 907 1702 ueterni

22 1796 25 1804 ,
159 1723 268 1808 Atque
292 1724 391 1790 alacri
414 1724 553 1789 mediam
577 1745 673 1808 carpe
696 1724 809 1810 uigore
832 1725 928 1792 uiam.

117 1807 180 1874 Sed
203 1811 318 1877 cisium
342 1815 398 1877 aut
419 1813 550 1898 pigrum
574 1816 688 1879 cautus
712 1814 887 1880 conscende
910 1814 1097 1880 ueraedum:

159 1899 236 1965 Non
258 1901 320 1966 tibi
344 1902 388 1966 sit
409 1901 538 1983 raedae,
564 1923 631 1966 non
656 1923 747 1967 amor
770 1903 852 1968 acris
876 1904 959 1988 equi.

117 1985 289 2054 Cantheris
313 2011 429 2055 moneo
453 1990 539 2054 mele
562 1993 640 2056 nota
662 1992 823 2074 petorrita
845 1990 944 2076 uites,
1101 2007 1133 2056 15

160 2075 210 2142 Ne
234 2077 355 2142 celeres
378 2079 482 2143 mulas
505 2077 576 2163 ipse
599 2077 753 2145 Metiscus
777 2076 865 2164 agas.

64 2213 71 2226 .
117 2162 169 2229 Sic
191 2165 254 2230 tibi
277 2166 345 2232 sint
367 2165 480 2232 Musae
502 2166 629 2251 faciles,
654 2167 823 2233 meditatio
847 2171 1001 2252 prompta

160 2251 206 2318 Et
230 2276 367 2338 memor,
391 2257 424 2320 et
446 2254 562 2340 liquidi
585 2256 649 2320 mel
671 2256 753 2322 fluat
776 2256 912 2341 eloquii:
981 2257 983 2264 ’

118 2337 183 2425 Sic,
206 2343 261 2426 qui
285 2343 410 2408 uenalis
433 2346 502 2408 tam
524 2344 625 2428 longa
648 2347 756 2409 aetate
780 2343 967 2411 Crebennus

160 2429 235 2496 Non
258 2431 358 2497 habet
381 2435 575 2516 emptorem,
599 2433 644 2497 sit
665 2433 727 2498 tibi
751 2455 810 2516 pro
834 2434 951 2517 pretio.
1039 2465 1048 2475 <=
1099 2448 1133 2498 20

189 2593 222 2641 10
240 2586 347 2657 Vergil.
362 2589 386 2642 A
404 2587 432 2641 ΙΙ
450 2593 503 2642 476
519 2605 540 2642 s.
564 2602 700 2657 equorum
724 2588 848 2659 agitator
870 2588 989 2643 Achillis
1013 2586 1135 2658 armiger

118 2657 294 2714 Automedon
369 2664 402 2714 10
420 2657 528 2728 Vergil.
547 2658 573 2711 A
591 2657 644 2712 XII
662 2663 714 2714 469
730 2675 751 2712 s.

185 2799 265 2853 VlIlI
288 2802 359 2856 decet
382 2816 492 2858 carmen
513 2801 547 2855 iu
559 2799 593 2853 K
594 2798 640 2868 o²;
665 2801 778 2855 initium
803 2817 858 2856 cese
880 2806 905 2856 et
923 2803 1005 2872 quasi
1022 2804 1134 2858 titulum
1149 2804 1177 2854 Ζ

115 2871 174 2926 eiua
191 2887 260 2940 quoe
277 2873 401 2941 sequitur
418 2873 552 2943 epistulae
570 2871 685 2930 coniecit
703 2871 819 2938 Hortcl;
837 2873 921 2928 iason
940 2889 992 2929 om.
1013 2875 1051 2929 M
1054 2886 1076 2942 ψ

152 2980 166 3029 1
182 2954 298 3064 partibo
315 2978 358 3046 ΤΙ
375 2973 626 3047 ἆρεταλογωηὸεψ
645 2975 824 3048 αρεταλόγων
839 2975 871 3034 δὲ
889 2979 915 3036 G
934 2984 1135 3056 aegrotoranae

118 3047 155 3101 M
175 3055 355 3118 αρεταλογων
374 3067 404 3103 τε
427 3048 453 3104 Τ
465 3050 470 3117 Ι
486 3067 575 3103 ronan
593 3050 632 3103 M
700 3050 877 3119 ἳψιλοιςθ

185 3137 211 3191 X
228 3137 275 3192 Ad
294 3137 415 3192 amicum
433 3138 465 3192 ut
479 3153 564 3206 quam
578 3139 701 3209 primum
715 3137 878 3208 (plurimum
894 3138 930 3204 G)
944 3139 981 3194 ad
995 3155 1024 3194 se
1038 3136 1136 3192 ueniat
1150 3139 1178 3190 Z

119 3207 174 3262 Tc
191 3225 240 3264 om.
257 3210 296 3263 Μ
299 3220 322 3278 ψ
387 3214 401 3262 1
422 3225 576 3279 garunnam
598 3209 624 3265 G
678 3208 889 3334 badpropera)
905 3208 962 3265 PG
1016 3215 1031 3263 9
1052 3207 1081 3262 si
1099 3208 1134 3262 ri·

117 3279 215 3351 guam]
233 3279 373 3350 Linguam
393 3281 430 3334 M
444 3281 449 3348 1
464 3278 592 3350 pipleida
610 3280 637 3336 θ
658 3278 804 3349 pipelaida
822 3281 860 3336 M
943 3286 976 3334 10
994 3278 1137 3350 flagrifera

120 3349 146 3403 Τ
159 3350 269 3418 flagrifer
289 3345 520 3420 θΙΑὗτομέδων
535 3350 562 3404 G
580 3367 630 3406 om.
649 3351 674 3406 Τ
727 3356 760 3405 13
779 3350 932 3404 uerendum
954 3350 980 3404 Τ
1033 3355 1067 3404 14
1086 3349 1134 3432 sit]

117 3419 156 3474 sic
174 3422 228 3492 ΜΙ
244 3421 349 3476 rhedae
370 3421 427 3478 Tc
444 3421 510 3476 rede
530 3422 568 3475 M
630 3427 662 3476 15
682 3420 810 3476 canthari
831 3421 857 3475 T
873 3420 981 3476 canteri
1001 3420 1027 3477 G
1046 3421 1136 3476 euterr

117 3491 156 3546 M
169 3509 238 3548 corr.
261 3493 420 3549 Grmouiuc
436 3495 440 3561 Ι
456 3493 608 3562 perterrita
627 3494 665 3546 M
719 3497 752 3547 17
771 3490 862 3548 facilis
882 3491 949 3546 PM
963 3495 967 3563 Ι
983 3493 1085 3564 pronta
1100 3493 1139 3547 M

155 3569 187 3618 19
207 3562 255 3631 qui
275 3563 417 3618 Auectius
445 3568 466 3635 q
487 3562 544 3618 Ta
571 3579 656 3632 quem
674 3563 713 3618 M
