2538 3964
500 217 654 282 —387
705 252 743 263 -

598 442 658 498 XV.

239 545 335 619 Αὐτὰρ
355 546 417 605 ἐπεὶ
436 545 486 604 διά
504 568 534 604 τε
555 546 694 611 σκόλοπας
712 549 761 604 καὶ
779 545 889 620 τάφρον
908 547 1014 622 ἔβησαν

244 622 304 675 Iam
323 621 431 676 uallum
449 620 610 689 fossamque
629 637 713 689 super
731 620 854 676 Troiana
871 622 1003 676 iuuentus

243 691 390 746 institerat
412 697 512 761 captae
530 691 664 746 minitans
683 691 814 747 incendia
832 691 938 746 classis.

184 816 334 902 Iuppiter
357 840 470 883 somno
493 818 678 902 expergitus
698 818 787 883 uidet
806 821 928 883 statum
947 818 1135 883 certaminis

117 907 310 972 indonatum
343 907 483 991 pellique
511 906 684 992 Troianos,
717 905 851 972 Graecis
884 929 978 991 opem
1010 906 1171 972 ferentes

118 994 206 1080 Nep
207 1017 281 1061 uno.
313 996 424 1080 itaque
448 1017 561 1081 aspere
584 993 708 1060 Iunone
725 997 895 1080 increpata
914 1000 947 1060 et
965 994 1135 1062 minaciter

118 1105 176 1167 per
208 1083 329 1149 Itidem
360 1084 426 1149 frat
412 1090 460 1148 tre
494 1088 570 1149 cont
571 1085 671 1149 errito
636 1084 793 1149 tiubet
826 1085 1054 1149 auxiliatorem
1084 1084 1136 1147 de·

118 1173 242 1238 sistere.
296 1173 366 1258 ipse
398 1172 584 1256 Apollinem
621 1172 796 1238 recreando
834 1173 966 1258 adlegat
997 1169 1135 1237 Hectori

118 1266 292 1347 monetque
323 1283 383 1346 pro
416 1261 600 1346 Phrygibus
638 1255 756 1326 belli
746 1265 813 1326 mst
814 1283 928 1326 aurare
961 1261 1135 1326 fortunam.

115 1355 187 1414 tum
207 1355 239 1415 et
257 1349 342 1415 Aiax
362 1349 569 1414 Telamonius
589 1353 718 1414 strenue
737 1350 916 1433 proeliatur
934 1353 967 1413 et
985 1349 1134 1433 plurimis
1153 1367 1189 1418 10

117 1439 294 1504 hostium'
284 1442 333 1503 int
319 1438 444 1504 tterfec
420 1443 463 1503 tis
487 1438 676 1522 conflagrat
667 1459 699 1503 10
652 1438 835 1502 talassis
860 1443 948 1503 arcet
949 1460 996 1503 ur.

589 1663 661 1721 XVI.

242 1792 285 1852 su
302 1786 333 1843 οἴ
348 1785 402 1860 μὲν
420 1789 485 1860 περὶ
503 1784 573 1858 νηὸς
592 1783 755 1859 ἒοοοέλμοιο
774 1785 899 1858 μάχοντο

241 1860 410 1926 Dumium,
430 1861 495 1914 dum
514 1859 588 1915 ferro
607 1858 713 1915 celsam
733 1859 873 1914 adfectare
893 1859 1018 1914 carinam

242 1931 328 1986 Troes
347 1933 377 1986 ot
394 1901 521 2001 Argolici
539 1936 662 2008 pergunt
675 1930 830 2012 defendere
848 1947 936 1999 reges.

182 2074 327 2141 Achilles
347 2075 543 2142 Graecorum
566 2079 688 2141 statum
710 2076 777 2140 iam
800 2076 861 2141 sub
882 2080 1027 2140 extrema
1045 2078 1134 2140 sorte

116 2165 289 2230 miseratus
311 2165 511 2251 tegminibus
531 2166 598 2230 suis
618 2163 805 2232 Patroclum
822 2165 985 2248 permittit
1004 2164 1168 2230 armarit

115 2254 173 2336 qui
210 2275 281 2318 cum
318 2253 563 2338 Myrmidonum
603 2254 809 2337 produxisset
845 2254 1021 2319 exercitum
1058 2275 1133 2318 con-

117 2345 244 2407 stetrna
245 2363 344 2425 osque
359 2342 520 2408 Troianos
534 2342 672 2410 Achillis
688 2343 795 2426 specie
809 2342 989 2427 fefellisset,
1003 2345 1133 2406 ruentes

116 2452 215 2514 supra
254 2430 378 2494 uallum
416 2436 449 2496 et
485 2431 624 2496 inuicem
661 2431 840 2496 officientes
879 2451 974 2496 caeco
1011 2452 1132 2515 pauore

117 2540 219 2602 usque
249 2518 290 2582 ad
318 2519 425 2603 campi
448 2523 561 2601 aperta
584 2519 758 2620 compellit
804 2518 919 2584 deinde
942 2539 1132 2620 congressus

117 2606 337 2691 Sarpedonem
360 2607 492 2690 perimit
514 2607 608 2672 mult
584 2612 691 2691 trsque
713 2606 801 2673 host
777 2612 859 2672 trum
878 2583 981 2672 caesis
999 2608 1070 2690 ipse
1090 2608 1132 2673 ab
1153 2623 1187 2673 10

116 2695 258 2762 Hectore
281 2695 476 2762 interficitur
497 2696 589 2780 prius
613 2695 654 2760 ab
679 2693 859 2780 Euphorbo
884 2696 1080 2762 uulneratus,
1130 2727 1132 2730 ·

187 2922 239 2978 XV
265 2930 278 2977 1
299 2919 361 2979 ἐπεὶ
381 2918 428 2977 διά
448 2942 478 2978 τε
498 2920 639 2985 σκόλοπας
657 2922 718 2994 aul]
738 2939 784 2978 eur
804 2927 1059 2992 arrrecnolouaoay
1073 2924 1101 2977 P

116 3002 132 3050 3
151 2994 255 3049 insidia
268 2994 368 3050 classis
379 2995 407 3048 P
424 2994 507 3050 classi
523 2994 649 3065 Vyolctos
700 3001 714 3049 '1
730 2995 845 3049 fratrem
860 2993 1050 3050 conterritaP
1060 3011 1131 3051 corr.

115 3067 308 3122 Accersianuc
380 3065 578 3136 8appolinem
596 3065 625 3120 P
693 3065 876 3135 9phrigibus
895 3066 924 3119 P
990 3072 1022 3121 10
1041 3067 1131 3120 thela-

116 3137 226 3191 monius
244 3137 297 3206 ΡΙ
323 3140 434 3192 strenue
460 3137 632 3218 Vpoletasg
633 3153 698 3192 rene
717 3137 792 3206 (add.
812 3153 891 3192 craece
909 3138 940 3191 in
958 3153 1044 3201 maru
1046 3137 1128 3208 )Pl

116 3206 253 3278 preliator
270 3209 314 3276 ΡΙ
338 3209 368 3262 et
385 3205 527 3279 plurimis]
547 3211 575 3262 et
593 3223 643 3262 om.
658 3208 731 3263 Pet
719 3206 785 3262 tab
805 3207 903 3262 eodem
922 3209 987 3262 add.
1006 3206 1132 3278 Vpoletus

187 3296 252 3350 XVI
271 3303 285 3350 1
305 3295 383 3367 περὶ]
402 3314 463 3351 ucri
478 3297 506 3350 P
527 3298 532 3365 l
558 3301 681 3362 ercelnor
695 3297 724 3351 P
781 3300 797 3350 2
818 3312 881 3350 cum
900 3295 960 3350 face
978 3297 1040 3350 tum
1057 3293 1130 3351 ferro

115 3368 271 3450 Heinsiusl
294 3367 438 3422 adfectare
453 3368 561 3436 Peiper,
576 3367 700 3433 Schenkl,
719 3365 821 3422 affecta
840 3367 869 3419 P
921 3369 1049 3421 3troe0s
1070 3367 1098 3420 P

114 3446 133 3493 4
152 3438 263 3493 achillis
283 3439 311 3492 P
380 3440 565 3493 omiseratur
582 3438 611 3493 P
633 3440 637 3507 Ι
663 3436 822 3508 agminibus
842 3438 871 3491 P
892 3453 961 3492 corr.
981 3437 1097 3493 Sclmulcl

114 3509 358 3578 dmirmydonum
379 3509 407 3562 P
478 3508 649 3565 ‘llefelisset
667 3509 705 3563 P·
755 3508 908 3594 8supra]
928 3507 977 3563 sfit
994 3508 1047 3580 ΡΙ
1072 3510 1131 3565 e·ffi

116 3579 224 3635 cientes
245 3582 273 3634 P
289 3598 359 3637 corr.
374 3581 525 3637 Accusatus
598 3587 631 3635 10
649 3580 711 3650 ipse
729 3578 766 3636 ad
779 3582 789 3648 l
803 3580 839 3634 ab
857 3580 972 3634 hectore
993 3580 1022 3635 P

307 3685 310 3692 “
916 3668 972 3726 25*
