<?xml version="1.0" encoding="UTF-8"?>
<!DOCTYPE html PUBLIC "-//W3C//DTD XHTML 1.0 Transitional//EN"
    "http://www.w3.org/TR/xhtml1/DTD/xhtml1-transitional.dtd">
<html xmlns="http://www.w3.org/1999/xhtml" xml:lang="en" lang="en">
 <head>
  <title>
</title>
<meta http-equiv="Content-Type" content="text/html;charset=utf-8" />
  <meta name='ocr-system' content='tesseract 3.04.00' />
  <meta name='ocr-capabilities' content='ocr_page ocr_carea ocr_par ocr_line ocrx_word'/>
</head>
<body>
  <div class='ocr_page' id='page_1' title='image "./decimimagniavso01ausogoog_0185.png"; bbox 0 0 2532 3954; ppageno 0'>
   <div class='ocr_carea' id='block_1_1' title="bbox 469 989 824 1233">
    <p class='ocr_par' dir='ltr' id='par_1_1' title="bbox 469 989 824 1233">
     <span class='ocr_line' id='line_1_1' title="bbox 634 989 665 1054; baseline 0 0"><span class='ocrx_word' id='word_1_1' title='bbox 634 989 665 1054; x_wconf 87' lang='lat' dir='ltr'>V</span> 
     </span>
     <span class='ocr_line' id='line_1_2' title="bbox 469 1152 824 1233; baseline -0.008 0"><span class='ocrx_word' id='word_1_2' title='bbox 469 1152 824 1233; x_wconf 80' lang='lat' dir='ltr'><strong>COMMEMORATIO</strong></span> 
     </span>
    </p>
   </div>
   <div class='ocr_carea' id='block_1_2' title="bbox 89 1345 953 1428">
    <p class='ocr_par' dir='ltr' id='par_1_2' title="bbox 89 1345 953 1428">
     <span class='ocr_line' id='line_1_3' title="bbox 89 1345 953 1428; baseline -0.012 0"><span class='ocrx_word' id='word_1_3' title='bbox 89 1381 213 1428; x_wconf 57' lang='grc' dir='ltr'>[ιω-816]</span> <span class='ocrx_word' id='word_1_4' title='bbox 344 1345 953 1421; x_wconf 82' lang='lat' dir='ltr'><strong>PROFESSORVM</strong></span> 
     </span>
    </p>
   </div>
   <div class='ocr_carea' id='block_1_3' title="bbox 461 1543 833 1606">
    <p class='ocr_par' dir='ltr' id='par_1_3' title="bbox 461 1543 833 1606">
     <span class='ocr_line' id='line_1_4' title="bbox 461 1543 833 1606; baseline 0 -3"><span class='ocrx_word' id='word_1_5' title='bbox 461 1543 833 1606; x_wconf 78' lang='lat' dir='ltr'><strong>BVRDIGALRNSIVM.</strong></span> 
     </span>
    </p>
   </div>
   <div class='ocr_carea' id='block_1_4' title="bbox 88 1768 757 1840">
    <p class='ocr_par' dir='ltr' id='par_1_4' title="bbox 88 1768 757 1840">
     <span class='ocr_line' id='line_1_5' title="bbox 88 1768 757 1840; baseline -0.012 -9"><span class='ocrx_word' id='word_1_6' title='bbox 88 1791 146 1840; x_wconf 83' lang='lat'><strong>[190]</strong></span> <span class='ocrx_word' id='word_1_7' title='bbox 541 1768 757 1824; x_wconf 83' lang='lat' dir='ltr'><strong>PRAEFATIO.</strong></span> 
     </span>
    </p>
   </div>
   <div class='ocr_carea' id='block_1_5' title="bbox 151 1893 1256 2427">
    <p class='ocr_par' dir='ltr' id='par_1_5' title="bbox 151 1893 1256 2427">
     <span class='ocr_line' id='line_1_6' title="bbox 186 1893 1030 1981; baseline -0.004 -21"><span class='ocrx_word' id='word_1_8' title='bbox 186 1896 254 1961; x_wconf 83' lang='lat' dir='ltr'>Vos</span> <span class='ocrx_word' id='word_1_9' title='bbox 280 1897 390 1980; x_wconf 87' lang='lat' dir='ltr'>etiam,</span> <span class='ocrx_word' id='word_1_10' title='bbox 415 1917 495 1981; x_wconf 84' lang='lat' dir='ltr'>quos</span> <span class='ocrx_word' id='word_1_11' title='bbox 519 1896 608 1961; x_wconf 91' lang='lat' dir='ltr'>nulla</span> <span class='ocrx_word' id='word_1_12' title='bbox 631 1896 712 1961; x_wconf 90' lang='lat' dir='ltr'>mihi</span> <span class='ocrx_word' id='word_1_13' title='bbox 736 1896 888 1981; x_wconf 83' lang='lat' dir='ltr'>cognatio</span> <span class='ocrx_word' id='word_1_14' title='bbox 912 1893 1030 1973; x_wconf 83' lang='lat' dir='ltr'>iunxit,</span> 
     </span>
     <span class='ocr_line' id='line_1_7' title="bbox 231 1983 883 2069; baseline -0.006 -18"><span class='ocrx_word' id='word_1_15' title='bbox 231 1983 287 2051; x_wconf 83' lang='lat' dir='ltr'>Set</span> <span class='ocrx_word' id='word_1_16' title='bbox 308 1985 397 2050; x_wconf 89' lang='lat' dir='ltr'>fama</span> <span class='ocrx_word' id='word_1_17' title='bbox 420 1988 568 2050; x_wconf 80' lang='lat' dir='ltr'>cicerae</span> <span class='ocrx_word' id='word_1_18' title='bbox 591 1986 720 2069; x_wconf 82' lang='lat' dir='ltr'>relligio</span> <span class='ocrx_word' id='word_1_19' title='bbox 744 1985 883 2068; x_wconf 82' lang='lat' dir='ltr'>patriae,</span> 
     </span>
     <span class='ocr_line' id='line_1_8' title="bbox 186 2072 1031 2157; baseline -0.002 -19"><span class='ocrx_word' id='word_1_20' title='bbox 186 2074 231 2139; x_wconf 83' lang='lat' dir='ltr'>Et</span> <span class='ocrx_word' id='word_1_21' title='bbox 254 2075 398 2140; x_wconf 86' lang='lat' dir='ltr'>studium</span> <span class='ocrx_word' id='word_1_22' title='bbox 421 2075 455 2138; x_wconf 94' lang='lat' dir='ltr'>in</span> <span class='ocrx_word' id='word_1_23' title='bbox 478 2075 570 2140; x_wconf 86' lang='lat' dir='ltr'>libris</span> <span class='ocrx_word' id='word_1_24' title='bbox 595 2079 627 2139; x_wconf 91' lang='lat' dir='ltr'>et</span> <span class='ocrx_word' id='word_1_25' title='bbox 650 2074 762 2138; x_wconf 84' lang='lat' dir='ltr'>sedula</span> <span class='ocrx_word' id='word_1_26' title='bbox 785 2095 861 2138; x_wconf 88' lang='lat' dir='ltr'>cura</span> <span class='ocrx_word' id='word_1_27' title='bbox 884 2072 1031 2157; x_wconf 88' lang='lat' dir='ltr'>docendi,</span> 
     </span>
     <span class='ocr_line' id='line_1_9' title="bbox 232 2161 1256 2250; baseline -0.004 -21"><span class='ocrx_word' id='word_1_28' title='bbox 232 2161 501 2229; x_wconf 80' lang='lat' dir='ltr'>Commemorabo</span> <span class='ocrx_word' id='word_1_29' title='bbox 524 2165 612 2229; x_wconf 84' lang='lat' dir='ltr'>uiros</span> <span class='ocrx_word' id='word_1_30' title='bbox 635 2166 739 2228; x_wconf 85' lang='lat' dir='ltr'>morte</span> <span class='ocrx_word' id='word_1_31' title='bbox 764 2163 853 2228; x_wconf 86' lang='lat' dir='ltr'>obite</span> <span class='ocrx_word' id='word_1_32' title='bbox 876 2162 1028 2227; x_wconf 78' lang='lat' dir='ltr'>celebres.</span> <span class='ocrx_word' id='word_1_33' title='bbox 1255 2223 1256 2250; x_wconf 19' lang='grc' dir='ltr'>ἶ</span> 
     </span>
     <span class='ocr_line' id='line_1_10' title="bbox 151 2251 1162 2336; baseline 0.002 -20"><span class='ocrx_word' id='word_1_34' title='bbox 151 2325 153 2328; x_wconf 48' lang='grc'><strong>,</strong></span> <span class='ocrx_word' id='word_1_35' title='bbox 186 2251 267 2318; x_wconf 81' lang='lat' dir='ltr'>Fora</span> <span class='ocrx_word' id='word_1_36' title='bbox 291 2252 365 2336; x_wconf 87' lang='lat' dir='ltr'>erit,</span> <span class='ocrx_word' id='word_1_37' title='bbox 388 2259 425 2317; x_wconf 85' lang='lat' dir='ltr'>ut</span> <span class='ocrx_word' id='word_1_38' title='bbox 446 2256 578 2318; x_wconf 83' lang='lat' dir='ltr'>nostros</span> <span class='ocrx_word' id='word_1_39' title='bbox 602 2274 715 2318; x_wconf 86' lang='lat' dir='ltr'>manes</span> <span class='ocrx_word' id='word_1_40' title='bbox 740 2254 785 2318; x_wconf 84' lang='lat' dir='ltr'>sic</span> <span class='ocrx_word' id='word_1_41' title='bbox 809 2253 939 2318; x_wconf 87' lang='lat' dir='ltr'>adserat</span> <span class='ocrx_word' id='word_1_42' title='bbox 963 2251 1055 2335; x_wconf 88' lang='lat' dir='ltr'>olim,</span> <span class='ocrx_word' id='word_1_43' title='bbox 1144 2268 1162 2318; x_wconf 82' lang='lat'><strong>5</strong></span> 
     </span>
     <span class='ocr_line' id='line_1_11' title="bbox 230 2339 897 2427; baseline 0.001 -21"><span class='ocrx_word' id='word_1_44' title='bbox 230 2339 391 2427; x_wconf 80' lang='lat' dir='ltr'>Exemplo</span> <span class='ocrx_word' id='word_1_45' title='bbox 415 2342 523 2426; x_wconf 90' lang='lat' dir='ltr'>cupiet</span> <span class='ocrx_word' id='word_1_46' title='bbox 546 2343 602 2426; x_wconf 90' lang='lat' dir='ltr'>qui</span> <span class='ocrx_word' id='word_1_47' title='bbox 624 2342 697 2426; x_wconf 86' lang='lat' dir='ltr'>pius</span> <span class='ocrx_word' id='word_1_48' title='bbox 721 2364 791 2406; x_wconf 84' lang='lat' dir='ltr'>esee</span> <span class='ocrx_word' id='word_1_49' title='bbox 815 2364 897 2408; x_wconf 87' lang='lat' dir='ltr'>meo.</span> 
     </span>
    </p>
   </div>
   <div class='ocr_carea' id='block_1_6' title="bbox 88 2551 1028 2622">
    <p class='ocr_par' dir='ltr' id='par_1_6' title="bbox 88 2551 1028 2622">
     <span class='ocr_line' id='line_1_12' title="bbox 88 2551 1028 2622; baseline -0.004 -12"><span class='ocrx_word' id='word_1_50' title='bbox 88 2568 145 2622; x_wconf 81' lang='lat'>[191]</span> <span class='ocrx_word' id='word_1_51' title='bbox 265 2552 285 2611; x_wconf 82' lang='lat' dir='ltr'><strong>L</strong></span> <span class='ocrx_word' id='word_1_52' title='bbox 305 2552 474 2608; x_wconf 82' lang='lat' dir='ltr'>TIBERIVS</span> <span class='ocrx_word' id='word_1_53' title='bbox 493 2552 630 2608; x_wconf 79' lang='lat' dir='ltr'>VICTOR</span> <span class='ocrx_word' id='word_1_54' title='bbox 647 2551 851 2609; x_wconf 78' lang='lat' dir='ltr'>MINERVIVS</span> <span class='ocrx_word' id='word_1_55' title='bbox 871 2551 1028 2608; x_wconf 82' lang='lat' dir='ltr'><strong>ORATOR.</strong></span> 
     </span>
    </p>
   </div>
   <div class='ocr_carea' id='block_1_7' title="bbox 184 2679 1160 3212">
    <p class='ocr_par' dir='ltr' id='par_1_7' title="bbox 185 2679 1025 2857">
     <span class='ocr_line' id='line_1_13' title="bbox 185 2679 1025 2767; baseline -0.001 -23"><span class='ocrx_word' id='word_1_56' title='bbox 185 2680 315 2745; x_wconf 84' lang='lat' dir='ltr'>Primus</span> <span class='ocrx_word' id='word_1_57' title='bbox 338 2680 533 2767; x_wconf 82' lang='lat' dir='ltr'>Burdigalae</span> <span class='ocrx_word' id='word_1_58' title='bbox 556 2682 706 2746; x_wconf 81' lang='lat' dir='ltr'>columen</span> <span class='ocrx_word' id='word_1_59' title='bbox 730 2681 848 2765; x_wconf 88' lang='lat' dir='ltr'>dicere,</span> <span class='ocrx_word' id='word_1_60' title='bbox 871 2679 1025 2764; x_wconf 75' lang='lat' dir='ltr'>Minewi,</span> 
     </span>
     <span class='ocr_line' id='line_1_14' title="bbox 230 2769 879 2857; baseline 0.002 -24"><span class='ocrx_word' id='word_1_61' title='bbox 230 2769 323 2834; x_wconf 80' lang='lat' dir='ltr'>Alter</span> <span class='ocrx_word' id='word_1_62' title='bbox 345 2769 526 2835; x_wconf 81' lang='lat' dir='ltr'>rhetoricae</span> <span class='ocrx_word' id='word_1_63' title='bbox 550 2769 751 2848; x_wconf 79' lang='lat' dir='ltr'>Quintiliane</span> <span class='ocrx_word' id='word_1_64' title='bbox 774 2774 879 2857; x_wconf 83' lang='lat' dir='ltr'>togae.</span> 
     </span>
    </p>

    <p class='ocr_par' dir='ltr' id='par_1_8' title="bbox 184 2857 1003 3034">
     <span class='ocr_line' id='line_1_15' title="bbox 184 2857 1003 2946; baseline 0.001 -24"><span class='ocrx_word' id='word_1_65' title='bbox 184 2857 343 2923; x_wconf 86' lang='lat' dir='ltr'>Inlustree</span> <span class='ocrx_word' id='word_1_66' title='bbox 368 2860 529 2942; x_wconf 87' lang='lat' dir='ltr'>qnondam</span> <span class='ocrx_word' id='word_1_67' title='bbox 554 2882 617 2946; x_wconf 92' lang='lat' dir='ltr'>quo</span> <span class='ocrx_word' id='word_1_68' title='bbox 640 2863 849 2944; x_wconf 78' lang='lat' dir='ltr'>praeceptore</span> <span class='ocrx_word' id='word_1_69' title='bbox 873 2859 1003 2924; x_wconf 87' lang='lat' dir='ltr'>fuerunt</span> 
     </span>
     <span class='ocr_line' id='line_1_16' title="bbox 231 2945 991 3034; baseline 0 -22"><span class='ocrx_word' id='word_1_70' title='bbox 231 2945 546 3033; x_wconf 53' lang='lat' dir='ltr'>Constantinopolin</span> <span class='ocrx_word' id='word_1_71' title='bbox 570 2949 688 3034; x_wconf 84' lang='lat' dir='ltr'>Roma,</span> <span class='ocrx_word' id='word_1_72' title='bbox 711 2948 827 3014; x_wconf 88' lang='lat' dir='ltr'>dehinc</span> <span class='ocrx_word' id='word_1_73' title='bbox 851 2948 991 3033; x_wconf 53' lang='lat' dir='ltr'>patria,⁴</span> 
     </span>
    </p>

    <p class='ocr_par' dir='ltr' id='par_1_9' title="bbox 185 3035 1160 3212">
     <span class='ocr_line' id='line_1_17' title="bbox 185 3035 1160 3121; baseline 0.002 -19"><span class='ocrx_word' id='word_1_74' title='bbox 185 3035 262 3102; x_wconf 91' lang='lat' dir='ltr'>Non</span> <span class='ocrx_word' id='word_1_75' title='bbox 285 3036 432 3119; x_wconf 88' lang='lat' dir='ltr'>equidem</span> <span class='ocrx_word' id='word_1_76' title='bbox 455 3042 582 3103; x_wconf 86' lang='lat' dir='ltr'>certans</span> <span class='ocrx_word' id='word_1_77' title='bbox 606 3061 678 3103; x_wconf 85' lang='lat' dir='ltr'>oum</span> <span class='ocrx_word' id='word_1_78' title='bbox 702 3039 873 3102; x_wconf 85' lang='lat' dir='ltr'>maiestate</span> <span class='ocrx_word' id='word_1_79' title='bbox 896 3038 1047 3121; x_wconf 89' lang='lat' dir='ltr'>duarum,</span> <span class='ocrx_word' id='word_1_80' title='bbox 1143 3055 1160 3104; x_wconf 81' lang='lat' dir='ltr'>o</span> 
     </span>
     <span class='ocr_line' id='line_1_18' title="bbox 230 3123 927 3212; baseline 0.004 -23"><span class='ocrx_word' id='word_1_81' title='bbox 230 3123 306 3190; x_wconf 82' lang='lat' dir='ltr'>Solo</span> <span class='ocrx_word' id='word_1_82' title='bbox 331 3129 379 3190; x_wconf 84' lang='lat' dir='ltr'>set</span> <span class='ocrx_word' id='word_1_83' title='bbox 401 3127 511 3211; x_wconf 86' lang='lat' dir='ltr'>potior</span> <span class='ocrx_word' id='word_1_84' title='bbox 533 3126 678 3212; x_wconf 88' lang='lat' dir='ltr'>nomine,</span> <span class='ocrx_word' id='word_1_85' title='bbox 702 3127 787 3212; x_wconf 90' lang='lat' dir='ltr'>quod</span> <span class='ocrx_word' id='word_1_86' title='bbox 811 3126 927 3210; x_wconf 88' lang='lat' dir='ltr'>patria.</span> 
     </span>
    </p>
   </div>
   <div class='ocr_carea' id='block_1_8' title="bbox 96 3318 1087 3432">
    <p class='ocr_par' dir='ltr' id='par_1_10' title="bbox 96 3318 1087 3432">
     <span class='ocr_line' id='line_1_19' title="bbox 96 3318 1087 3390; baseline 0.001 -17"><span class='ocrx_word' id='word_1_87' title='bbox 96 3321 126 3373; x_wconf 99' lang='lat' dir='ltr'><strong><em>V</em></strong></span> <span class='ocrx_word' id='word_1_88' title='bbox 209 3320 529 3390; x_wconf 75' lang='lat' dir='ltr'>iuecr.1uon⁵rpruefiy.</span> <span class='ocrx_word' id='word_1_89' title='bbox 554 3319 580 3373; x_wconf 93' lang='lat' dir='ltr'><strong><em>V</em></strong></span> <span class='ocrx_word' id='word_1_90' title='bbox 664 3318 765 3374; x_wconf 85' lang='lat' dir='ltr'>1mici</span> <span class='ocrx_word' id='word_1_91' title='bbox 788 3319 815 3374; x_wconf 92' lang='lat' dir='ltr'><em>V</em></span> <span class='ocrx_word' id='word_1_92' title='bbox 896 3318 1032 3390; x_wconf 63' lang='lat' dir='ltr'>Areligio</span> <span class='ocrx_word' id='word_1_93' title='bbox 1057 3320 1087 3374; x_wconf 88' lang='lat' dir='ltr'><strong><em>V</em></strong></span> 
     </span>
     <span class='ocr_line' id='line_1_20' title="bbox 573 3403 585 3432; baseline 0 0"><span class='ocrx_word' id='word_1_94' title='bbox 573 3403 585 3432; x_wconf 85' lang='grc' dir='ltr'>θ</span> 
     </span>
    </p>
   </div>
   <div class='ocr_carea' id='block_1_9' title="bbox 141 3404 1008 3602">
    <p class='ocr_par' dir='ltr' id='par_1_11' title="bbox 141 3404 1008 3602">
     <span class='ocr_line' id='line_1_21' title="bbox 141 3404 864 3514; baseline 0.003 -18"><span class='ocrx_word' id='word_1_95' title='bbox 141 3447 159 3496; x_wconf 85' lang='lat'>4</span> <span class='ocrx_word' id='word_1_96' title='bbox 177 3459 401 3500; x_wconf 86' lang='lat' dir='ltr'>commemorauo</span> <span class='ocrx_word' id='word_1_97' title='bbox 422 3443 457 3497; x_wconf 85' lang='lat' dir='ltr'>V¹</span> <span class='ocrx_word' id='word_1_98' title='bbox 530 3404 647 3513; x_wconf 44' lang='lat' dir='ltr'>carlile</span> <span class='ocrx_word' id='word_1_99' title='bbox 668 3445 713 3514; x_wconf 84' lang='lat' dir='ltr'>(ul.</span> <span class='ocrx_word' id='word_1_100' title='bbox 734 3445 814 3514; x_wconf 80' lang='lat' dir='ltr'>corr.)</span> <span class='ocrx_word' id='word_1_101' title='bbox 839 3444 864 3498; x_wconf 89' lang='lat' dir='ltr'><strong><em>V</em></strong></span> 
     </span>
     <span class='ocr_line' id='line_1_22' title="bbox 212 3530 1008 3602; baseline 0.01 -18"><span class='ocrx_word' id='word_1_102' title='bbox 212 3530 362 3601; x_wconf 65' lang='lat' dir='ltr'>Homeri</span> <span class='ocrx_word' id='word_1_103' title='bbox 379 3549 430 3588; x_wconf 84' lang='lat' dir='ltr'>om.</span> <span class='ocrx_word' id='word_1_104' title='bbox 454 3532 490 3602; x_wconf 85' lang='lat' dir='ltr'>V)</span> <span class='ocrx_word' id='word_1_105' title='bbox 509 3553 662 3590; x_wconf 75' lang='lat' dir='ltr'>nrunamwa</span> <span class='ocrx_word' id='word_1_106' title='bbox 687 3534 714 3589; x_wconf 92' lang='lat' dir='ltr'><strong><em>V</em></strong></span> <span class='ocrx_word' id='word_1_107' title='bbox 783 3533 957 3589; x_wconf 71' lang='lat' dir='ltr'>Rrethorice</span> <span class='ocrx_word' id='word_1_108' title='bbox 981 3535 1008 3592; x_wconf 87' lang='lat' dir='ltr'><strong><em>V</em></strong></span> 
     </span>
    </p>
   </div>
   <div class='ocr_carea' id='block_1_10' title="bbox 0 0 1270 3954">
    <p class='ocr_par' dir='ltr' id='par_1_12' title="bbox 0 0 1270 3954">
     <span class='ocr_line' id='line_1_23' title="bbox 0 0 1270 3954; baseline 0 0"><span class='ocrx_word' id='word_1_109' title='bbox 0 0 1270 3954; x_wconf 95' lang='lat' dir='ltr'> </span> 
     </span>
    </p>
   </div>
  </div>
 </body>
</html>
