2538 3964
515 201 670 266 -eoe
715 238 759 248 -

130 361 243 427 cilium
276 361 470 427 dissolutum
503 365 561 427 est
606 359 820 426 Telemachus
853 359 893 424 ad
924 359 1004 425 litus
1036 361 1144 444 procis

130 450 358 537 ignorantibus
376 450 498 536 pergit,
521 449 704 516 adstantem
724 448 787 514 sibi
806 448 944 514 adorans
963 447 1145 514 Mineruam

129 539 385 624 peregrinationi
405 537 614 605 accommoda
632 541 735 623 parat,
753 537 906 603 hortante
920 538 1061 603 maxime
1075 538 1142 622 dea,
1165 554 1197 603 10

130 649 212 713 quse
234 634 390 714 populum
413 628 583 714 ipsumque
607 626 838 693 Telemachum
860 625 1017 691 Mentoris
1046 626 1142 692 simu·

129 716 251 782 latione
281 716 424 782 fallebat.
470 717 629 782 instructo
657 736 735 801 ergo
763 714 900 800 remigio
930 718 963 780 et
984 737 1068 780 naue
1092 715 1143 780 de-

131 804 227 870 ducta
253 804 465 871 Telemachus
493 809 527 870 et
554 803 703 871 Minerua
735 804 774 870 de
800 810 898 890 portu
930 825 1066 889 uespere
1096 804 1143 870 in-

130 897 237 959 stante
262 895 436 960 noluerunt.

608 1067 656 1123 ΠΙ.

265 1168 372 1237 Ἠὲλως
390 1169 419 1229 d'
439 1169 579 1243 ἀνόρουσε
599 1169 688 1230 cantv
706 1173 877 1244 περικαλλέα
895 1175 997 1245 λίμνην

267 1245 327 1300 Iam
346 1244 395 1301 Sol
414 1245 528 1301 Oceano
546 1243 672 1300 radiatos
690 1246 868 1315 prompserat
886 1249 972 1300 ortus.

193 1371 409 1437 Telemachus
436 1371 612 1438 Nestorem
641 1373 680 1438 de
707 1375 799 1456 patre
830 1374 1028 1456 percontans
1060 1371 1143 1436 nihil

8 1447 9 1488 ³
126 1460 205 1524 noui
229 1461 349 1545 accipit
369 1461 410 1525 ab
429 1461 610 1545 ignorante.
642 1482 755 1526 uerum
774 1460 859 1525 idem
879 1481 976 1525 senex
995 1460 1143 1544 sequenti

127 1547 193 1630 die,
216 1569 289 1612 oum
307 1548 482 1614 Pisistrato
505 1549 574 1614 filio
593 1553 630 1614 ut
649 1548 690 1614 ad
707 1548 892 1614 Menelaum
914 1552 1046 1632 pergat,
1067 1546 1141 1612 hor·
1161 1563 1176 1609 c

126 1639 224 1701 tatur.
258 1658 317 1703 nec
337 1659 429 1703 mora
447 1637 536 1703 facta
555 1638 700 1703 consilio.
732 1641 828 1703 nocte
851 1636 970 1722 quippe
989 1659 1036 1720 ea,
1058 1658 1142 1720 quae

7 1727 8 1802 Ῑ
126 1729 300 1791 consecuta
322 1730 386 1810 est,
414 1725 500 1813 apud
523 1726 646 1792 Pheras
670 1726 822 1810 oppidum
847 1725 993 1808 hospitio
1016 1724 1141 1790 Dioclis

126 1814 288 1881 deuersati
312 1814 363 1880 die
386 1816 489 1880 altero
513 1815 788 1882 Lacedaemonem
811 1813 1041 1899 peruehuntur.

595 2005 658 2062 1111.

194 2110 256 2186 <Ol
272 2108 301 2168 δ’
322 2111 382 2180 ἷξον
401 2114 499 2182 κοίλην
518 2114 721 2182 Λακεδαίμονα
741 2111 925 2185 κητώεσσαν)

193 2186 308 2254 Iamque
328 2185 399 2240 adeo
418 2186 535 2240 uentum
553 2185 665 2239 ualidae
684 2185 720 2239 ad
739 2182 966 2238 Lacedaemonos
985 2199 1071 2240 arces.

190 2310 417 2375 Telemachum
450 2313 484 2374 et
516 2311 570 2394 qui
602 2333 674 2376 cum
702 2332 740 2375 eo
769 2301 939 2393 uenerant,
972 2310 1139 2376 Menelaus

124 2398 261 2464 comiter
282 2397 427 2481 hospitio
452 2400 572 2482 accipit
594 2401 724 2483 iamque
745 2400 804 2465 sub
824 2420 962 2483 uespera
981 2400 1140 2484 quaedam

125 2487 163 2552 de
186 2485 283 2550 Vlixe
307 2490 516 2569 cognoscunt.
558 2487 608 2552 die
631 2509 709 2556 uero
737 2488 842 2552 altero
870 2490 977 2552 totum
1005 2488 1173 2573 nauigat

124 2576 225 2641 tionis
255 2596 332 2640 suae
361 2574 507 2639 ordinem
535 2573 702 2640 Menelaus
731 2575 898 2658 explanat,
928 2575 1077 2660 quodque
1105 2575 1139 2642 in

126 2663 252 2749 Ogygia
279 2663 387 2728 insula
414 2664 582 2744 promissis
611 2667 645 2729 et
666 2663 829 2728 illecebris
856 2664 1021 2748 nymphae
1046 2662 1139 2748 Caly-

123 2754 235 2837 psonis
249 2751 362 2817 Vlixes
376 2753 564 2836 retineatur,
583 2753 724 2838 exponit.
757 2773 840 2836 quae
859 2752 988 2837 quidem
1003 2753 1139 2819 Proteus

196 2931 228 2981 12
247 2926 373 2997 remegio
393 2925 421 2979 P

192 3013 267 3099 III-1
286 3015 420 3084 aarocPl
435 3012 526 3100 liade
539 3020 588 3100 atq.
598 3017 633 3086 a]
647 3032 864 3072 narnerrxaaaea
879 3017 908 3071 P
951 3022 967 3070 2
982 3033 1103 3099 qeceano
1114 3017 1142 3072 P

123 3087 307 3157 apercectas
326 3102 411 3140 senex
429 3089 483 3156 sed
498 3088 585 3142 mohrl
599 3087 628 3141 P
679 3089 823 3143 certatur
836 3088 865 3142 P
917 3086 1066 3156 'loprdum
1085 3086 1136 3159 ΡΙ

122 3192 233 3249 diolede
251 3192 358 3247 uersati
371 3192 400 3246 P
423 3192 522 3247 dioclis
541 3194 648 3248 uersati
670 3192 799 3263 Vpoletus
824 3192 959 3248 diuersati
978 3193 1138 3248 Groaoaius

193 3279 246 3336 ΙΠΙ
270 3281 463 3336 &adeantur
479 3281 622 3337 Homerici
640 3296 735 3336 ueruto
754 3282 886 3336 librorum
904 3279 988 3334 IIII
990 3311 1023 3322 -
1030 3280 1105 3336 XII

122 3361 139 3410 2
158 3354 286 3421 Namque
306 3351 335 3407 P
349 3368 418 3407 sorr.
432 3352 596 3422 Auectius}
618 3351 702 3423 adeo]
724 3350 807 3406 adam
828 3353 875 3421 ΡΙ
895 3350 992 3408 ualido
1010 3353 1137 3408 alacede·

120 3441 219 3481 monos
238 3423 267 3477 P
282 3422 320 3477 ad
337 3421 558 3478 Lacedaemonis
577 3425 722 3478 Acontius
742 3425 746 3491 1
770 3425 845 3477 artes
865 3425 893 3477 P
910 3425 1139 3480 cora-Auentino

157 3501 173 3550 6
192 3511 254 3550 suo:
273 3496 319 3549 sed
338 3511 355 3549 o
373 3495 405 3548 io
423 3511 438 3548 e
457 3510 526 3550 corr.
547 3493 576 3548 P
637 3500 785 3564 ‘logygya
806 3495 852 3563 ΡΙ
867 3493 982 3564 nimphe
1002 3495 1047 3561 Pl
1062 3496 1137 3567 caly-

121 3568 203 3638 psoni
223 3568 251 3620 P
322 3571 338 3620 8
357 3566 442 3637 quae]
462 3583 543 3634 queq3
565 3566 593 3619 P
610 3582 679 3621 corr.
694 3565 857 3635 Auentino!
879 3567 1012 3636 protheus
1026 3567 1054 3621 P
