2540 3962
528 192 682 258 -256
732 229 769 240 -

142 354 268 440 Quippe
291 353 352 419 tibi
376 355 531 440 aequatus
554 351 679 436 uideor,
704 351 780 436 quia
802 352 958 437 paruulus
982 354 1047 420 isto
1127 372 1159 421 11

184 441 323 509 Nomine
346 443 541 508 honoratum
564 463 615 505 me
640 462 766 525 quoque
789 441 956 526 nobilitat3

142 530 217 598 Non
242 536 332 597 aetas
356 531 434 616 quia
456 534 570 596 nostra
593 530 719 595 eadem:
741 551 818 593 nam
842 530 992 613 subparis
1018 532 1092 597 aeui

185 619 263 686 Sum
286 620 348 686 tibi
371 641 432 706 ego
456 623 490 684 et
512 640 648 704 possum
671 618 782 682 fratris
806 619 925 683 habere
947 619 1069 704 uioem3

140 707 211 774 Neo
233 713 362 775 tantum
385 708 506 774 nostris
531 709 672 792 spatium
696 707 914 792 interponitur
938 708 1045 791 annia,
1127 725 1159 774 15

186 797 317 875 Quanta
341 798 446 863 solent
469 797 549 862 alios
572 800 722 880 tempora
745 795 896 861 diuidere.

141 885 221 952 Vidi
244 908 306 972 ego
328 886 454 952 natales
477 885 614 952 fratrum
639 884 761 950 distare
784 888 836 950 tot
858 885 967 969 annis,

186 975 273 1053 Quot
294 978 438 1041 nostros:
462 995 577 1040 aeuum
600 973 734 1039 nomina
756 995 823 1038 non
845 977 989 1040 onerant

142 1064 284 1130 Pulchra
307 1064 440 1128 iuuenta
462 1063 524 1128 tibi
548 1063 672 1129 aenium
697 1061 744 1126 sio
766 1062 886 1148 iungit,
909 1065 946 1129 ut
968 1083 1100 1149 aeuum,

187 1151 280 1229 Quod
298 1152 388 1238 prius
407 1156 471 1236 est,
494 1155 637 1216 maneat:
662 1150 747 1235 quod
767 1150 878 1234 modo,
896 1154 934 1217 ut
952 1151 1099 1235 incipiat.
1126 1170 1159 1220 2ο
1249 1216 1250 1222 ,

141 1241 187 1306 Et
208 1242 370 1326 placuisse
393 1263 468 1306 reor
490 1241 629 1326 geminis
653 1240 830 1324 aetatibue,
857 1244 895 1305 ut
918 1262 953 1306 ee

185 1328 263 1395 Non
285 1329 441 1395 festinato
465 1333 610 1414 tempore
632 1332 770 1412 utraque
793 1328 899 1414 daret,

91 1491 95 1512 1
141 1419 274 1484 Leniter
296 1419 376 1485 haee
399 1419 527 1502 flueret,
550 1419 631 1484 haee
654 1440 721 1483 non
742 1422 918 1501 properata
940 1419 1082 1503 ueniret,

186 1507 349 1573 Maturam
372 1507 500 1592 frugem
523 1507 603 1571 flore
627 1510 779 1572 manente
802 1506 918 1572 ferens.

141 1596 255 1662 Annos
279 1619 330 1662 me
353 1595 478 1661 nesoire
501 1599 591 1680 tuos,
613 1599 708 1679 pater
731 1595 869 1680 optime,
891 1599 996 1661 testor
1124 1614 1157 1663 ao

187 1685 312 1770 Totque
335 1686 449 1769 putare
472 1687 561 1768 tuoe,
585 1687 665 1769 quot
687 1705 761 1748 reor
784 1705 854 1748 esse
878 1706 975 1749 meos.

143 1772 279 1838 Nesciat
301 1773 362 1839 hoe
384 1777 495 1856 natus,
517 1775 667 1837 numeret
690 1773 918 1857 properantior
939 1773 1049 1856 heres,

187 1861 398 1928 Testamenta
420 1860 525 1946 magis
550 1882 647 1944 quam
669 1861 726 1946 pia
748 1864 827 1926 uota
849 1860 962 1926 fouens

143 1950 365 2036 Exemploque
389 1949 507 2016 doeens
530 1970 632 2034 prauo
656 1950 861 2014 iuuenesoere
884 1953 993 2034 natos,

187 2038 234 2104 Vt
257 2039 365 2104 nolint
387 2043 496 2122 patrea
520 2060 554 2104 ae
578 2059 705 2123 quoque
727 2038 848 2103 habere
872 2060 976 2104 aenas.
1125 2057 1158 2107 30

143 2127 265 2193 Verum
288 2148 349 2212 ego
372 2127 539 2213 primaeuo
563 2128 693 2212 genitus
717 2127 865 2212 genitore
887 2127 1015 2193 fatebor

188 2214 344 2300 Subparis
367 2216 449 2281 haee
472 2216 544 2282 aeui
567 2219 716 2300 tempora
739 2219 835 2302 grata
857 2215 946 2281 mihi.

143 2304 254 2371 Debeo
279 2304 365 2389 quod
387 2308 498 2384 natus,
523 2304 638 2370 suadet
659 2305 715 2389 pia
738 2326 814 2371 eura
836 2304 965 2388 nepotis

186 2393 380 2459 Addendum
402 2394 504 2477 patri,
528 2415 591 2479 quo
615 2414 806 2458 ueneremur
830 2415 937 2459 auum.

19 2503 28 2522 ¹
144 2482 194 2548 Tu
217 2505 359 2567 quoque,
381 2482 427 2546 mi
450 2483 592 2568 genitor,
615 2482 781 2567 geminata
802 2482 962 2548 uooabula
985 2483 1100 2570 gaude,
1126 2501 1160 2552 35
1251 2499 1252 2504 ’

187 2570 267 2636 Nati
290 2571 450 2655 primaeui
471 2570 602 2637 nomine
624 2570 730 2636 factus
755 2593 845 2636 anua.

143 2660 320 2745 Exiguum,
345 2659 432 2745 quod
455 2681 548 2725 auur:
571 2658 705 2724 faueant
726 2660 781 2744 pia
803 2660 940 2724 numina
963 2659 1075 2726 diuum

216 2841 248 2889 11
267 2834 400 2902 parbulue
424 2833 460 2889 V¹
486 2835 490 2904 Ι
514 2835 569 2890 ieto
591 2832 705 2890 Venetus
723 2836 764 2889 ete
789 2832 826 2888 V²
853 2834 907 2890 iate
930 2833 967 2889 V‘
1041 2840 1074 2891 13
1093 2835 1160 2892 Non
1251 2877 1252 2884 1

143 2907 222 2960 aetas
240 2905 340 2972 Paper
357 2905 497 2978 Bonaetae
521 2905 564 2972 71
581 2905 723 2975 subpatris
746 2903 773 2959 V
788 2906 998 2975 carneaden.
1056 2913 1090 2961 14
1109 2909 1160 2964 ha-

142 2978 209 3032 bere
227 2976 360 3046 Lupum.
378 2975 464 3030 abare
488 2975 515 3029 V
586 2982 619 3032 16
637 2980 777 3044 tempora=
797 2993 815 3030 a
832 2993 866 3032 eo
884 2993 899 3030 e
917 2983 949 3032 at
966 2979 1026 3033 aid.
1045 2994 1104 3034 rue.
1124 2981 1161 3034 al.

148 3047 175 3104 V
227 3053 261 3103 17
280 3047 354 3116 quod
376 3044 404 3101 V
417 3062 486 3102 corr.
501 3046 633 3119 Lupdrm.
650 3051 654 3118 1
670 3048 810 3103 honorant
833 3047 870 3101 V¹
926 3054 958 3102 19
996 3049 1077 3103 ulora
1101 3049 1129 3105 V

144 3124 177 3174 21
197 3117 345 3189 gemminie
365 3117 401 3171 V¹
456 3123 490 3172 22
508 3121 639 3188 utraque:
658 3121 717 3174 aaa
734 3134 811 3175 eraso
829 3135 911 3190 super
929 3136 948 3173 a
1048 3124 1082 3174 25
1102 3138 1161 3177 maz

144 3192 211 3246 eia
227 3207 283 3246 raa
307 3187 352 3258 7Ι
373 3188 479 3244 obtime
503 3190 530 3244 V
581 3196 615 3246 26
635 3189 711 3259 quod
733 3190 761 3244 V
776 3206 846 3245 eurr.
864 3189 997 3261 Lapara
1052 3192 1162 3248 athos

54 3313 60 3326 ,
144 3262 316 3328 Gronovius,
333 3258 389 3314 hoo
408 3259 453 3332 Vl
468 3261 646 3331 properatior
666 3262 695 3330 (a
712 3277 745 3316 aa
761 3261 810 3328 al)
831 3261 858 3315 V
871 3266 875 3325 ι
890 3259 968 3335 1²eres
986 3261 1012 3315 V
1064 3267 1100 3317 28
1120 3264 1163 3318 fo-

142 3333 212 3387 bene
236 3332 263 3384 V
325 3336 359 3385 29
377 3331 558 3387 iubeneaoere
582 3331 619 3384 V¹
691 3337 726 3386 30
744 3331 848 3387 nollint
869 3331 906 3385 7ι
978 3336 1010 3387 31
1030 3332 1163 3402 primebo

149 3402 186 3456 7ι
257 3408 291 3457 32
311 3401 452 3472 subpatrie
477 3402 503 3456 V
519 3419 588 3460 corr.
607 3403 738 3472 neptae.
763 3404 768 3471 Ι
792 3402 857 3458 aebi
881 3401 917 3457 V¹
943 3409 947 3472 Ι
973 3400 1041 3459 mioi
1064 3404 1092 3458 V

144 3477 178 3528 35
197 3475 292 3542 genite
316 3473 344 3529 V
359 3489 428 3530 eurr.
447 3474 577 3544 Lupiae.
599 3475 603 3543 Ι
625 3473 766 3528 booabula
788 3473 826 3528 V1
880 3480 915 3530 37
933 3475 1023 3530 abuue
1048 3474 1097 3544 71
1119 3477 1163 3532 la·

144 3562 231 3617 beant
252 3561 288 3616 V¹
308 3563 313 3631 1
335 3545 431 3618 nomia
449 3564 476 3634 (o
495 3579 529 3618 ao
547 3560 650 3631 corat)
670 3578 738 3618 corr.
757 3562 889 3633 Lupiam.
