2516 3954
499 192 703 239 ..01-

86 336 149 402 376
176 333 431 420 Symmachus
446 331 604 398 Gratiano
620 331 835 399 Ausonium
849 333 963 400 laudat
977 334 1107 400 nomine

175 446 243 490 non
273 423 384 490 addito
408 431 463 502 (ep.
478 432 504 486 X
518 438 543 502 3,
559 430 601 498 3);
628 421 800 508 „facundia
827 444 879 488 res
908 445 977 490 esse
1001 424 1108 508 coepit

175 513 322 635 impepih
345 534 422 577 narn
440 510 543 576 Musis
567 512 601 576 in
624 511 748 596 palatio
771 513 844 578 loca
866 513 969 578 lautia
992 517 1028 578 tu
1052 512 1105 576 de-

85 691 148 756 377
176 602 390 755 (dllillianus
414 689 526 754 consul
545 687 622 754 IIII.

86 798 150 863 377
177 796 411 862 Thalassius
436 793 566 880 (postea
585 794 723 859 Ausonii
746 794 859 880 gener)
878 796 1019 861 uicarius
1038 795 1107 861 Ma·

179 886 333 951 codoniae
353 892 468 963 (Symm.
489 909 532 963 ep.
547 893 560 947 I
574 899 607 948 75
628 894 662 948 cf.
682 893 795 949 Paulini
808 893 966 949 Eucharist.
981 893 1105 963 34333.)

180 975 249 1038 eius
272 973 362 1037 filius
386 994 425 1037 ex
447 972 555 1055 priore
579 973 716 1058 coniuge
735 982 818 1047 <unde
832 982 950 1052 praedia
962 982 1015 1038 illa
1028 983 1108 1038 culta

180 1063 210 1115 et
238 1061 367 1114 materna
394 1058 423 1114 ir'r
442 1057 528 1127 Epiro
552 1059 581 1112 ct
603 1057 712 1113 Achaia
735 1059 791 1113 sita
813 1058 966 1128 contigisse
988 1058 1107 1115 Paulino

178 1129 315 1200 suspicor,
326 1129 472 1196 dequibus
483 1129 607 1197 loquitur
616 1131 646 1183 in
656 1128 812 1186 Eucharist.
833 1149 879 1184 uu.
891 1135 943 1185 273
954 1132 983 1184 37
992 1135 1045 1184 414
1055 1132 1108 1198 sq.)

178 1204 383 1286 Paulinus,
411 1202 563 1267 carminis
585 1202 801 1268 Eucharistici
830 1204 885 1288 qui
914 1207 963 1268 est
986 1207 1108 1287 auctor,

177 1292 290 1357 Pellae
312 1296 409 1356 natus
434 1294 491 1355 aut
514 1313 542 1357 a.
561 1292 626 1356 376
651 1314 697 1355 ex.
723 1293 871 1356 337377.

87 1399 269 1464 377-380
292 1397 506 1481 Hesperius
529 1397 712 1480 praefectus
735 1399 900 1481 praeterio
924 1398 1040 1464 Italiae
1063 1398 1107 1463 Il-

178 1487 275 1571 lyrici
294 1486 425 1551 Africae
444 1494 521 1560 (Cod.
537 1495 656 1551 Thedos.
672 1497 684 1549 1
700 1503 742 1566 15,
757 1503 773 1552 8
788 1497 815 1552 d.
830 1503 872 1552 21.
887 1497 945 1551 lan.
961 1504 1022 1566 377,
1040 1497 1107 1552 VHI

179 1578 207 1642 ὁ,
222 1577 257 1626 34
277 1571 302 1626 d.
317 1578 351 1628 27
365 1571 445 1626 Febr.
466 1570 522 1626 uid.
542 1573 578 1625 ad
597 1587 623 1625 a.
638 1573 713 1642 378).

91 1671 155 1730 376
176 1671 233 1728 337
257 1670 320 1729 377
346 1668 551 1744 Symmachi
574 1668 957 1746 adAuscniumep.116
983 1672 1107 1744 (‚,fratrr's

179 1750 238 1804 mei
256 1748 387 1818 Hesperii
404 1750 510 1804 honore
530 1749 662 1820 exrrliffl).

178 1823 371 1888 Lentienses
399 1822 633 1888 Alamannicus
665 1824 804 1908 populus
836 1825 997 1889 tractibus
1024 1823 1108 1889 Rae·

178 1913 302 1977 tiarum
326 1911 462 1976 confinis
480 1910 629 1978 Romana
653 1913 832 1977 conlimitia
850 1916 1042 1999 temptant(
1097 1953 1107 1962 -

179 1998 269 2052 mian.
284 1997 375 2050 XXXI
391 2003 432 2066 10,
446 1999 483 2065 2).

91 2073 156 2137 378
182 2072 227 2136 in.
260 2071 455 2136 Ausonius
480 2074 687 2154 quaesturam
711 2071 869 2156 deposuit

178 2165 277 2243 igitur
305 2167 375 2223 ante
402 2165 482 2223 hunc
510 2182 622 2222 annum
650 2165 761 2241 scripta
791 2170 836 2226 est
865 2165 1039 2242 Symmachi
1067 2166 1106 2227 ad

179 2253 296 2313 Anscn.
319 2273 364 2329 ep.
388 2253 403 2312 I
428 2255 469 2312 23
495 2255 655 2326 („quacstor
676 2254 733 2324 ec“)

89 2337 154 2402 378
179 2337 223 2403 in
241 2373 279 2382 -
296 2336 363 2401 379
383 2339 462 2402 aest.
481 2335 724 2420 Thalassius,
746 2336 884 2403 Ausonii
904 2358 1011 2422 gener,
1033 2360 1107 2422 pro-

181 2426 297 2491 consul
329 2424 459 2490 Africae
492 2429 569 2499 (cod.
588 2428 726 2486 Theodos.
742 2432 782 2486 XI
801 2438 844 2499 33,
863 2437 977 2487 33-33.
1006 2432 1045 2486 XI
1063 2439 1106 2500 3ο,

179 2519 224 2566 37.
256 2509 369 2564 Paulini
386 2509 543 2565 Eucharist.
562 2515 667 2578 31sqq.
695 2510 810 2580 Epiced.
829 2517 878 2567 45:
902 2511 986 2566 huius
1004 2529 1058 2582 ego
1078 2512 1107 2566 et

178 2584 278 2636 natum
298 2585 327 2636 37
343 2598 478 2650 generum
497 2581 681 2651 proconsule
700 2579 779 2652 uidi).

91 2655 155 2722 378
179 2655 378 2721 Ausonius
405 2653 590 2739 praefectus
618 2652 799 2720 Galliarum
827 2664 912 2732 (inter
936 2672 978 2721 12.
996 2666 1058 2722 Jan.
1078 2669 1108 2722 et

180 2760 224 2810 20.
239 2752 306 2823 Apr.
322 2760 382 2822 373,
398 2753 433 2808 ci.
449 2752 515 2808 Ccd.
531 2753 668 2808 Thecdcs.
683 2753 750 2808 VIII
764 2761 790 2824 5,
804 2753 857 2821 35).
891 2767 967 2810 mox
980 2744 1107 2811 Galliae

180 2855 253 2898 curn
276 2832 374 2898 173173
402 2832 594 2898 3337333733
623 2837 698 2897 sunt
725 2833 785 2913 ita,
812 2837 849 2898 ut
870 2834 1106 2918 praefecturam

179 2942 280 2986 unam
311 2919 493 2987 Occidentis
526 2919 692 2986 efficerent
723 2922 859 3006 imperio
893 2923 1055 3009 collegiali
1088 2945 1107 2988 a

179 3013 273 3095 patre
286 3009 418 3094 filioque
432 3009 722 3075 administrandam
740 3017 859 3086 (factum
873 3019 928 3073 hoc
946 3017 1020 3073 inter
1033 3019 1105 3087 Aug.

180 3101 234 3151 378
254 3098 283 3150 37
302 3101 326 3150 5.
341 3095 397 3150 Jul.
412 3100 465 3152 373
485 3095 519 3151 cf.
539 3094 605 3150 Cod.
627 3095 765 3152 Theodos.
784 3096 859 3165 XIII,
880 3103 904 3166 1,
925 3103 965 3152 11.
980 3127 1014 3138 -
1029 3095 1105 3152 Grat.

178 3167 242 3221 Act.
262 3172 296 3221 40
316 3183 399 3222 noces
419 3166 542 3221 omnium
560 3164 725 3236 Galliarum,
745 3184 861 3236 quarum
876 3169 1019 3238 praefecto
1033 3167 1107 3222 hanc

177 3237 423 3293 honorificentiam
453 3237 640 3308 (consulatum
669 3240 718 3307 sc.)
745 3239 880 3294 detulisti.
919 3238 987 3293 ibid.
1012 3245 1042 3292 7:
1069 3239 1106 3292 ad

178 3307 375 3378 praefecturae
390 3308 539 3378 collegium
554 3307 629 3362 filins
644 3326 706 3363 cum
722 3313 803 3379 patre
818 3311 987 3365 coniunctus.
1021 3309 1055 3364 cf.
1072 3315 1105 3364 11

179 3381 209 3435 et
222 3385 265 3436 83.
296 3379 387 3436 Praei.
401 3381 415 3433 I
430 3387 472 3436 36.
495 3378 610 3448 Epiced.
625 3385 660 3434 42
679 3380 837 3450 praefectus
853 3381 941 3436 Gallis
956 3382 986 3434 et
999 3378 1106 3450 Libyae

178 3451 209 3506 et
235 3451 327 3506 Latio.
378 3450 518 3518 Protrept.
548 3456 581 3504 31
609 3453 814 3519 praefecturam
841 3452 990 3522 duplicem.
1038 3452 1105 3510 eod.

179 3535 317 3590 Theodos.
342 3533 369 3588 X
392 3540 439 3604 20,
465 3532 516 3599 10).
563 3523 728 3591 Ausonius
762 3546 832 3591 cum
863 3527 1019 3592 honorem
1053 3526 1106 3592 de·
1216 3598 1221 3611 J
