2540 3962
515 194 756 261 -231-

126 362 180 424 tus
206 354 365 442 aequalis,
388 358 423 419 at
444 357 619 439 postquam
643 354 677 418 in
695 355 837 438 pastoris
855 377 991 422 examen
1010 355 1146 422 deducta

128 452 180 512 est
202 446 243 511 lis
267 444 409 528 dearum,
432 443 539 527 qualis
564 446 739 509 emerserat
761 445 845 509 mari
868 448 926 510 aut
949 467 1021 510 cum
1040 444 1145 511 Marte

128 537 335 617 conuenerat,
359 537 392 598 et
410 533 632 597 consternauit
651 532 810 598 arbitrum
830 536 864 598 et
882 533 1145 600 contendentium

127 627 292 690 certamen
315 621 485 706 oppressit.
521 641 599 706 ergo
622 621 687 686 nisi
705 619 836 687 Delirus
855 626 930 687 tuus
950 622 984 686 in
1001 643 1036 686 re
1054 622 1145 686 tenui

129 734 196 778 non
217 711 359 776 tenuiter
382 710 548 775 laboratus
573 709 730 792 opuscula
749 732 830 795 mea,
853 731 934 796 quae
952 710 1059 794 promi
1078 713 1143 775 stu·
1165 726 1197 776 15

127 802 258 885 dueras,
280 797 493 880 retardasset,
520 797 586 863 iam
613 798 731 863 dudum
755 818 816 883 ego
839 802 877 864 ut
899 799 1025 884 palmes
1050 797 1145 864 auda-

129 889 197 954 cior
219 889 254 952 in
276 887 429 953 hibernas
453 887 558 952 adhuc
582 909 678 952 auras
701 887 887 972 improbum
911 907 1043 972 germen
1066 886 1145 972 egis-

129 999 211 1062 sem,
238 976 417 1061 periculum
445 974 556 1041 iudicii
584 975 694 1061 grauis
722 974 908 1042 inconsulta
935 975 1145 1042 festinatione

129 1066 304 1131 subiturus.
337 1063 473 1149 denique
491 1063 650 1148 pisonem,
669 1085 764 1148 quem
781 1065 981 1130 tollenonem
995 1063 1145 1129 existimo

127 1153 257 1238 proprie
281 1175 301 1217 a
322 1153 498 1239 philologis
523 1143 747 1238 appellatum,
760 1153 921 1238 adhibere,
944 1156 982 1219 ut
998 1153 1144 1236 iubebas,
1164 1169 1199 1218 20

128 1243 251 1307 recenti
278 1263 430 1306 uersuum
459 1245 591 1306 tuorum
615 1241 754 1307 lectione
772 1264 838 1308 non
863 1263 973 1324 ausus,
1002 1263 1041 1306 ea
1063 1263 1145 1326 quae

129 1330 192 1396 tibi
221 1332 287 1396 iam
315 1330 434 1395 cursim
462 1329 590 1395 fuerant
616 1329 766 1412 recitata,
798 1329 974 1395 transmisi.
1025 1330 1145 1394 etenim

129 1419 191 1485 hoc
213 1419 392 1504 poposcisti
416 1421 512 1503 atque
535 1419 569 1482 id
593 1438 653 1504 ego
671 1419 783 1503 malui,
804 1423 841 1483 tu
860 1421 897 1483 ut
914 1422 972 1483 tua
990 1418 1085 1502 culpa
1105 1417 1145 1482 ad
1200 1461 1204 1470 .

129 1507 267 1572 eundem
289 1506 432 1591 lapidem
454 1507 506 1572 bis
530 1506 722 1590 offenderes,
746 1528 808 1592 ego
832 1510 950 1591 autem,
974 1528 1144 1591 quaecum·

129 1617 191 1681 que
214 1596 346 1661 fortuna
365 1599 459 1675 esset,
483 1596 583 1661 semel
603 1596 833 1661 erubescerem.
865 1594 949 1679 uide,
972 1595 1018 1658 mi
1037 1594 1145 1680 Paule,
1165 1611 1198 1660 aa

130 1706 227 1769 quam
245 1685 392 1768 ineptum
410 1683 592 1749 lacessieris
605 1685 641 1748 in
654 1684 763 1749 uerbis
777 1685 899 1768 rudem,
917 1683 951 1747 in
965 1683 1145 1768 eloquendo

128 1771 287 1858 hiulcum,
315 1795 335 1838 a
357 1771 536 1858 propositis
561 1773 815 1856 discrepantem,
841 1773 876 1837 in
899 1772 1046 1837 uersibus
1071 1793 1145 1837 con·

130 1860 325 1928 cinnationis
356 1866 535 1946 expertem,
561 1861 596 1927 in
619 1861 803 1927 cauillando
825 1882 886 1925 nec
907 1865 1025 1926 natura
1047 1882 1145 1926 uenu-

131 1953 216 2016 stum
239 1970 297 2014 nec
321 1953 390 2014 arte
413 1950 588 2035 conditum,
612 1949 708 2015 diluti
727 1951 814 2036 salis,
836 1949 922 2014 fellis
941 1949 1063 2035 ignaui,
1085 1969 1145 2014 nec

131 2039 169 2103 de
201 2039 302 2104 mimo
333 2037 541 2122 planipedem
571 2060 631 2104 nec
664 2038 703 2103 de
736 2037 910 2105 comoediis
942 2038 1146 2103 histrionem.
1164 2055 1199 2104 30

129 2149 166 2192 ae
188 2127 254 2191 nisi
276 2126 356 2192 haec
380 2148 400 2191 a
421 2127 516 2192 nobis
540 2127 642 2192 missa
665 2126 735 2211 ipse
757 2128 900 2192 lecturus
922 2148 1023 2205 asses,
1047 2127 1147 2191 etiam

130 2215 169 2280 de
187 2216 454 2298 pronuntiatione
472 2215 603 2280 rideres.
635 2237 720 2282 nunc
740 2216 958 2286 commodiore
976 2215 1045 2280 fato
1061 2216 1146 2299 sunt,

131 2303 226 2389 quod,
248 2303 325 2369 licet
348 2304 434 2389 apud
455 2325 516 2369 nos
540 2303 692 2389 genuina,
716 2309 795 2388 aput
816 2308 850 2369 te
869 2306 964 2369 erunt
983 2302 1145 2388 adoptiua.

218 2426 335 2493 Virum
359 2450 432 2493 cnm
455 2427 567 2513 biiugo
590 2429 714 2513 parebo
737 2429 886 2513 plaustro

217 2515 328 2582 Primo
351 2520 498 2600 tempore
523 2515 686 2582 Santonos
710 2516 907 2597 uehendum,
1165 2547 1199 2600 35

201 2679 233 2729 12
252 2673 338 2746 mari]
356 2672 443 2727 marti
459 2672 524 2728 TM
571 2679 604 2727 13
619 2671 961 2743 prosternauithituml'
1013 2676 1046 2727 16
1061 2627 1162 2727 sanda-⁸

129 2743 185 2799 tior
206 2744 262 2801 ΤΘ
334 2748 367 2799 12
390 2743 578 2813 hybernasG
650 2749 682 2799 19
705 2743 833 2813 pisonem
853 2745 892 2797 M
912 2743 1027 2814 pissone
1049 2743 1146 2799 Tdis·

128 2832 227 2872 sonum
248 2815 274 2872 G
296 2816 301 2885 Ι
324 2815 433 2871 tolleno
451 2815 482 2868 iri
503 2814 529 2868 Τ
553 2814 622 2870 tolle
645 2829 748 2870 nomen
767 2814 838 2871 GM
851 2831 921 2872 corr.
941 2815 1040 2884 Peiper
1111 2819 1147 2869 20

128 2921 261 2976 adhibere
277 2921 377 2991 Paipcr
395 2920 509 2976 adoraui
525 2921 551 2974 Z
568 2920 663 2991 (addai
678 2937 733 2991 pro
751 2897 829 2976 edidi
846 2927 879 2978 ut
896 2922 954 2978 uid.
970 2922 1027 2976 acr'
1047 2923 1084 2990 to)
1098 2920 1147 2975 ad·

130 2992 195 3047 dere
214 2991 330 3048 Schenkl
345 2995 350 3064 1
365 2991 463 3048 iubeas
483 2991 522 3046 M
591 2997 625 3046 22
645 2992 738 3048 iuerat
757 2993 813 3064 Ml
835 2993 993 3049 transmissi
1111 2996 1146 3046 23

127 3062 266 3189 poposisti
287 3063 313 3119 Τ
330 3064 334 3132 Ι
358 3063 451 3132 adque
472 3062 498 3119 G
570 3068 605 3117 24
623 3079 807 3133 quaecunque
824 3063 881 3120 Τθ
953 3067 1147 3132 200010010-

148 3149 271 3190 esoerem
289 3134 477 3204 interponitur
497 3150 520 3188 c.
539 3137 597 3190 327
611 3136 703 3202 praefi
722 3136 867 3202 Bissulae,
889 3151 946 3206 qua
963 3135 1090 3189 absoluta
1107 3147 1146 3187 sc·

127 3206 222 3274 quitur
245 3206 334 3261 altera
353 3222 425 3275 pars
442 3205 526 3260 10100
544 3207 677 3274 0010100100
712 3205 758 3260 Ad
777 3207 893 3277 paulum
911 3221 993 3260 sunm
1011 3205 1147 3273 inempta

127 3276 325 3342 01οΤ6(οΜ
342 3277 388 3340 M)
462 3282 496 3332 26
526 3293 570 3330 me
598 3277 739 3345 loquendo
767 3276 891 3347 hyulcun
910 3277 949 3330 M
1018 3280 1051 3329 27
1081 3291 1146 3329 con-

128 3345 277 3403 cinationis
299 3347 325 3404 G
396 3352 430 3402 28
454 3365 506 3404 nec
528 3347 643 3418 natura]
664 3363 717 3402 nec
735 3363 785 3402 om.
807 3349 834 3405 G
905 3351 939 3402 29
959 3345 1026 3400 salis
1046 3347 1075 3400 et
1095 3345 1144 3418 Gt

129 3417 191 3472 felli
209 3417 323 3487 signari
344 3417 370 3473 Τ
438 3424 473 3472 30
492 3417 580 3473 minio
602 3419 645 3481 Τ1
668 3418 801 3474 comediis
822 3419 848 3472 Z
862 3418 866 3489 1
882 3416 1056 3486 hystrionem
1076 3417 1115 3471 M

129 3494 163 3543 32
187 3491 253 3544 sunt
271 3506 321 3544 orn.
341 3488 380 3543 M
448 3495 482 3544 33
506 3489 588 3560 aput]
611 3488 661 3559 ΤΙ
686 3490 779 3561 erunt]
803 3491 870 3546 aaut
895 3490 922 3544 Τ
990 3494 1026 3543 34
1045 3487 1147 3544 Vinum

127 3560 191 3615 init.
205 3561 292 3617 minio
305 3575 357 3616 scr.
374 3560 400 3615 Τ
414 3560 418 3632 Ι
434 3561 561 3630 plaustro
575 3560 682 3629 parabo
695 3561 724 3615 Z
734 3577 804 3618 corr.
823 3560 947 3632 Vpoletuo
1001 3564 1035 3616 35
1051 3562 1147 3616 sancto
