2538 3964
528 182 829 248 -410-·

138 342 298 408 Errabam
321 340 424 426 riguis
447 362 506 426 per
528 341 673 426 quadrua
696 342 841 426 compita
864 342 899 407 in
922 343 1028 408 hortis
1144 360 1160 409 5

182 429 312 495 Maturo
336 429 469 514 cupiens
493 451 545 494 me
568 433 721 516 uegetare
746 429 806 496 die.

138 519 216 584 Vidi
238 521 404 585 concretas
428 540 487 602 per
510 519 660 604 gramina
682 519 765 584 flexa
788 519 921 604 pruinas

183 607 327 674 Pendere
351 610 408 672 aut
430 607 578 673 holerum
602 612 688 672 stare
712 607 949 692 cacuminibus,

140 695 295 763 Cautibus
319 698 352 761 et
375 699 494 760 teretes
517 696 638 782 patulis
663 696 835 762 conludere
858 701 970 782 guttas

138 873 216 939 Vidi
237 872 400 939 Paestano
425 873 566 957 gaudere
587 873 715 940 rosaria
737 874 826 940 cultu

182 963 359 1028 Exoriente
381 983 469 1026 nouo
492 961 618 1027 roscida
641 961 784 1027 lucifero.

138 1051 226 1116 Rara
248 1050 412 1135 pruinosis
436 1050 573 1115 canebat
596 1071 726 1136 gemma
748 1050 898 1116 frutectis

182 1137 235 1204 Ad
257 1138 356 1224 primi
378 1139 485 1203 radios
509 1139 682 1204 interitura
705 1140 765 1205 die.

138 1229 345 1312 Ambigeres,
368 1231 537 1312 raperetne
560 1229 643 1293 rosis
666 1228 795 1293 Aurora
817 1229 968 1294 ruborem
1126 1247 1160 1296 15
1256 1217 1257 1258 ³

181 1316 234 1381 An
259 1316 350 1381 (15551
373 1319 406 1380 et
428 1316 523 1382 flores
547 1317 712 1402 tingueret
735 1320 808 1382 orta
831 1318 907 1383 dies.

137 1405 204 1470 Ros
228 1427 327 1489 unus,
351 1406 438 1470 color
460 1427 543 1470 unus
567 1408 599 1470 et
622 1427 721 1470 unum
745 1427 839 1471 mane
863 1406 1012 1489 duorum3

182 1492 304 1560 Sideris
329 1497 362 1558 et
383 1494 472 1559 floris
495 1516 572 1558 nam
596 1493 727 1559 domina
750 1517 816 1560 una
839 1494 959 1561 Venus.

136 1581 261 1648 Forsan
286 1586 319 1647 et
341 1605 423 1647 unus
448 1582 540 1647 odor:
564 1583 620 1647 sed
644 1582 761 1648 celsior
783 1583 840 1648 ille
862 1606 921 1668 per
944 1605 1040 1647 auras

183 1670 326 1737 Difflnit:
351 1672 479 1754 expirat
501 1671 668 1754 proximus
691 1672 753 1737 iste
778 1672 892 1757 magis.
1123 1690 1160 1740 20

137 1758 325 1825 Communis
348 1758 472 1842 Paphie
496 1760 556 1824 dea
579 1760 694 1824 sideris
720 1764 753 1825 et
775 1760 836 1825 dea
857 1760 947 1826 floris

180 1845 345 1932 Praecipit
367 1847 463 1914 unius
487 1847 618 1913 muricis
643 1870 713 1914 esse
736 1849 896 1915 habitum.

136 1935 339 2002 Momentum
361 1935 533 2021 intererat,
556 1958 620 2021 quo
644 1959 678 2002 se
700 1939 869 2003 nascentia
890 1938 1006 2003 florum

181 2024 336 2091 Gemina
359 2025 555 2109 comparibus
579 2025 759 2091 diuiderent
782 2027 906 2111 spatiis.

135 2113 225 2180 Haeo
247 2114 334 2178 uiret
358 2117 496 2199 angusto
519 2113 671 2179 foliorum
694 2119 781 2181 tecta
804 2116 930 2200 galero,
1121 2132 1159 2182 25

181 2201 274 2267 Hanc
296 2203 387 2266 tenui
409 2202 490 2268 folio
513 2224 659 2287 purpura
681 2203 780 2269 rubra
801 2207 904 2270 notat.

136 2291 226 2356 Haec
249 2291 354 2375 aperit
376 2291 474 2375 primi
495 2290 631 2376 fastigia
654 2293 739 2357 celsa
763 2292 898 2359 obelisci

180 2378 369 2445 Macronem
393 2379 744 2464 absoluens-purpurei
767 2382 892 2466 capitis.

136 2466 269 2533 Vertice
293 2468 444 2534 collectos
467 2469 525 2534 illa
548 2469 741 2534 exsinuabat
765 2471 915 2554 amictus,

207 2627 372 2694 bcompata
389 2625 449 2680 AB
466 2628 471 2693 Ι
490 2625 585 2681 herbis
598 2626 626 2680 Β
681 2624 844 2696 suegitare
858 2627 886 2681 Β
940 2628 1042 2682 santo
1061 2626 1155 2682 lerum

135 2696 163 2748 A
236 2702 251 2749 9
275 2695 380 2765 patulis
402 2698 505 2752 teretes
525 2698 553 2752 Β
626 2702 659 2751 10
682 2699 754 2754 deest
771 2698 847 2764 AB,
873 2703 989 2754 recentes
1012 2698 1079 2753 libri
1102 2705 1157 2754 cut

135 2766 173 2818 Et
199 2766 330 2821 caelestis
357 2783 449 2834 aquae
476 2767 600 2836 pondere
627 2769 694 2822 tuno
722 2768 853 2839 grauidas
882 2769 935 2836 (sc'c
957 2785 1009 2824 rec.
1032 2786 1066 2823 m.
1087 2771 1154 2827 aad.

135 2852 221 2907 mera.
240 2836 281 2902 B)
303 2842 353 2890 cut
379 2837 442 2893 Nox
465 2839 576 2892 assueta
599 2837 648 2893 diu
671 2838 778 2895 fecerat
799 2837 871 2894 illud
893 2840 969 2894 idem
993 2842 1036 2908 (at
1056 2839 1156 2896 Paris.

137 2910 211 2961 7936
224 2922 245 2963 s.
258 2905 361 2975 XIII)
378 2913 428 2960 cat
446 2909 561 2976 deac'qae
577 2914 722 2979 atramque
739 2913 772 2978 (c.
786 2927 811 2980 9.
822 2909 1059 2977 Helmctudicnsia,
1076 2910 1154 2967 Voss.
1257 2949 1258 2964 1

135 2980 173 3032 96
191 2981 216 3031 ct
234 2981 290 3032 849
308 2993 329 3031 a
350 2976 419 3045 XV)
492 2982 526 3031 15
550 2994 618 3034 aura
636 2981 699 3036 AB
723 2982 801 3050 (tunc
819 2986 884 3036 cate
901 2998 970 3037 aura
987 2997 1038 3036 rec.
1057 2997 1093 3037 ss.
1113 2983 1155 3049 Β)
1257 2989 1258 2996 ’

136 3063 236 3102 aurora
254 3047 421 3104 Mellc'ceceis
438 3064 459 3105 5.
481 3050 534 3103 XI
537 3048 552 3103 ,9
575 3049 723 3106 Ibuoacaa
740 3067 762 3106 a.
782 3051 850 3106 XI?
925 3059 958 3108 17
976 3067 1105 3107 rosumus
1124 3056 1155 3108 A

171 3123 206 3172 20
226 3116 303 3172 niffle
322 3121 418 3190 (marp.
438 3137 472 3174 m.
491 3135 543 3176 rec.
562 3121 581 3175 l’
601 3122 736 3191 difflatur)
755 3124 784 3178 Β
810 3122 889 3178 dilflo
908 3125 935 3177 A
955 3124 996 3193 (et
1012 3139 1063 3180 om.
1078 3121 1154 3196 AB)

136 3189 240 3244 diffluit
259 3191 289 3244 et
306 3192 351 3246 ael
370 3189 468 3246 defluit
486 3193 516 3246 et
533 3193 649 3260 5551111,
668 3192 772 3247 diffluit
790 3193 914 3264 exspirat
928 3194 996 3249 Tell.
1052 3199 1085 3248 21
1101 3211 1155 3264 pa-

135 3260 301 3330 phiaeAB¹
356 3267 390 3316 23
406 3278 491 3330 quom
505 3261 589 3318 Sabis.
606 3266 610 3332 Ι
625 3265 804 3319 nascendaA
858 3271 893 3320 24
911 3264 1154 3336 comparibusJA?

137 3333 140 3403 l
166 3331 262 3401 spadis
281 3331 309 3387 A
380 3339 415 3387 26
433 3334 569 3388 hactenus
587 3333 617 3388 in
641 3333 763 3401 (l'tenuis
781 3351 833 3390 rec.
852 3337 884 3390 ia
901 3337 1001 3407 55559.)
1020 3337 1047 3391 Β
1073 3338 1154 3391 acto-

134 3419 186 3457 nus
206 3403 236 3456 et
253 3404 281 3459 A
309 3404 382 3458 hanc
400 3409 426 3458 ct
443 3405 522 3459 tenui
539 3406 643 3459 55551111
714 3411 748 3459 27
768 3405 853 3475 primi
870 3406 912 3460 B¹
939 3406 1030 3476 prima
1047 3407 1109 3460 AB

134 3479 169 3529 28
193 3473 348 3530 absoluaris
366 3475 394 3530 A
419 3476 423 3546 Ι
456 3475 564 3546 capiclia
582 3476 610 3529 A
683 3482 716 3531 19
741 3477 882 3532 uerticeco
904 3477 994 3533 lectos
1011 3478 1040 3533 A
1069 3478 1074 3546 Ι
1104 3495 1154 3533 ex·
1256 3501 1258 3558 j

135 3545 264 3601 s¹nuabat
282 3546 310 3601 A
338 3547 489 3602 exiuuabat
506 3547 534 3601 B
