<?xml version="1.0" encoding="UTF-8"?>
<!DOCTYPE html PUBLIC "-//W3C//DTD XHTML 1.0 Transitional//EN"
    "http://www.w3.org/TR/xhtml1/DTD/xhtml1-transitional.dtd">
<html xmlns="http://www.w3.org/1999/xhtml" xml:lang="en" lang="en">
 <head>
  <title>
</title>
<meta http-equiv="Content-Type" content="text/html;charset=utf-8" />
  <meta name='ocr-system' content='tesseract 3.04.00' />
  <meta name='ocr-capabilities' content='ocr_page ocr_carea ocr_par ocr_line ocrx_word'/>
</head>
<body>
  <div class='ocr_page' id='page_1' title='image "./decimimagniavso01ausogoog_0522.png"; bbox 0 0 2538 3964; ppageno 0'>
   <div class='ocr_carea' id='block_1_1' title="bbox 508 169 747 235">
    <p class='ocr_par' dir='ltr' id='par_1_1' title="bbox 508 169 747 235">
     <span class='ocr_line' id='line_1_1' title="bbox 508 169 747 235; baseline 0 -1"><span class='ocrx_word' id='word_1_1' title='bbox 508 169 747 235; x_wconf 85' lang='lat'>-385-</span> 
     </span>
    </p>
   </div>
   <div class='ocr_carea' id='block_1_2' title="bbox 606 395 654 450">
    <p class='ocr_par' dir='ltr' id='par_1_2' title="bbox 606 395 654 450">
     <span class='ocr_line' id='line_1_2' title="bbox 606 395 654 450; baseline -0.021 0"><span class='ocrx_word' id='word_1_2' title='bbox 606 395 654 450; x_wconf 89' lang='lat' dir='ltr'>Xl.</span> 
     </span>
    </p>
   </div>
   <div class='ocr_carea' id='block_1_3' title="bbox 276 496 1035 716">
    <p class='ocr_par' dir='ltr' id='par_1_3' title="bbox 276 496 1035 716">
     <span class='ocr_line' id='line_1_3' title="bbox 276 496 983 583; baseline 0 -25"><span class='ocrx_word' id='word_1_3' title='bbox 276 500 347 568; x_wconf 71' lang='grc' dir='ltr'>Ἠὼς</span> <span class='ocrx_word' id='word_1_4' title='bbox 365 504 376 573; x_wconf 71' lang='lat' dir='ltr'>l</span> <span class='ocrx_word' id='word_1_5' title='bbox 396 498 418 572; x_wconf 90' lang='lat'>&#39;)</span> <span class='ocrx_word' id='word_1_6' title='bbox 439 497 471 558; x_wconf 75' lang='grc' dir='ltr'>ἐκ</span> <span class='ocrx_word' id='word_1_7' title='bbox 489 500 594 573; x_wconf 65' lang='grc' dir='ltr'><em>λεχέων</em></span> <span class='ocrx_word' id='word_1_8' title='bbox 613 497 683 571; x_wconf 81' lang='grc' dir='ltr'><strong><em>παρ’</em></strong></span> <span class='ocrx_word' id='word_1_9' title='bbox 705 496 816 582; x_wconf 53' lang='grc' dir='ltr'><strong>ἀγαυοῦ</strong></span> <span class='ocrx_word' id='word_1_10' title='bbox 839 505 983 583; x_wconf 71' lang='grc' dir='ltr'><strong><em>Τιθριισῖσ</em></strong></span> 
     </span>
     <span class='ocr_line' id='line_1_4' title="bbox 282 572 932 643; baseline -0.003 -13"><span class='ocrx_word' id='word_1_11' title='bbox 282 573 396 630; x_wconf 72' lang='lat' dir='ltr'>Tithoni</span> <span class='ocrx_word' id='word_1_12' title='bbox 414 590 543 628; x_wconf 87' lang='lat' dir='ltr'>croceum</span> <span class='ocrx_word' id='word_1_13' title='bbox 561 572 692 643; x_wconf 88' lang='lat' dir='ltr'>linquens</span> <span class='ocrx_word' id='word_1_14' title='bbox 711 572 821 628; x_wconf 86' lang='lat' dir='ltr'>Aurora</span> <span class='ocrx_word' id='word_1_15' title='bbox 839 572 932 628; x_wconf 85' lang='lat' dir='ltr'>cubrle</span> 
     </span>
     <span class='ocr_line' id='line_1_5' title="bbox 283 643 1035 716; baseline -0.001 -16"><span class='ocrx_word' id='word_1_16' title='bbox 283 645 439 716; x_wconf 82' lang='lat' dir='ltr'>Spargebat</span> <span class='ocrx_word' id='word_1_17' title='bbox 456 645 545 700; x_wconf 85' lang='lat' dir='ltr'>terras</span> <span class='ocrx_word' id='word_1_18' title='bbox 563 644 687 700; x_wconf 83' lang='lat' dir='ltr'>referens</span> <span class='ocrx_word' id='word_1_19' title='bbox 706 646 896 714; x_wconf 72' lang='lat' dir='ltr'>oporteatque</span> <span class='ocrx_word' id='word_1_20' title='bbox 914 643 1035 699; x_wconf 88' lang='lat' dir='ltr'>labores.</span> 
     </span>
    </p>
   </div>
   <div class='ocr_carea' id='block_1_4' title="bbox 189 771 1135 858">
    <p class='ocr_par' dir='ltr' id='par_1_4' title="bbox 189 771 1135 858">
     <span class='ocr_line' id='line_1_6' title="bbox 189 771 1135 858; baseline 0 -20"><span class='ocrx_word' id='word_1_21' title='bbox 189 773 241 838; x_wconf 84' lang='lat' dir='ltr'>Ab</span> <span class='ocrx_word' id='word_1_22' title='bbox 253 773 406 850; x_wconf 78' lang='lat' dir='ltr'>¹omnibus</span> <span class='ocrx_word' id='word_1_23' title='bbox 422 771 554 838; x_wconf 80' lang='lat' dir='ltr'>Graecis</span> <span class='ocrx_word' id='word_1_24' title='bbox 569 773 699 858; x_wconf 79' lang='lat' dir='ltr'>egregie</span> <span class='ocrx_word' id='word_1_25' title='bbox 714 771 853 857; x_wconf 87' lang='lat' dir='ltr'>quidem,</span> <span class='ocrx_word' id='word_1_26' title='bbox 876 771 932 836; x_wconf 89' lang='lat' dir='ltr'>sed</span> <span class='ocrx_word' id='word_1_27' title='bbox 947 772 1135 857; x_wconf 84' lang='lat' dir='ltr'>inprospere</span> 
     </span>
    </p>
   </div>
   <div class='ocr_carea' id='block_1_5' title="bbox 119 860 1189 1460">
    <p class='ocr_par' dir='ltr' id='par_1_5' title="bbox 119 860 1189 1460">
     <span class='ocr_line' id='line_1_7' title="bbox 121 860 1171 947; baseline -0.001 -20"><span class='ocrx_word' id='word_1_28' title='bbox 121 861 302 930; x_wconf 89' lang='lat' dir='ltr'>dimicatur.</span> <span class='ocrx_word' id='word_1_29' title='bbox 347 883 484 947; x_wconf 87' lang='lat' dir='ltr'>quorum</span> <span class='ocrx_word' id='word_1_30' title='bbox 515 863 704 946; x_wconf 80' lang='lat' dir='ltr'>proceribus</span> <span class='ocrx_word' id='word_1_31' title='bbox 735 860 915 926; x_wconf 87' lang='lat' dir='ltr'>uulneratis</span> <span class='ocrx_word' id='word_1_32' title='bbox 949 861 1171 947; x_wconf 77' lang='lat' dir='ltr'>incognitaes</span> 
     </span>
     <span class='ocr_line' id='line_1_8' title="bbox 120 949 1137 1036; baseline -0.002 -19"><span class='ocrx_word' id='word_1_33' title='bbox 120 950 323 1017; x_wconf 73' lang='lat' dir='ltr'><strong>multitudini</strong></span> <span class='ocrx_word' id='word_1_34' title='bbox 349 971 460 1036; x_wconf 86' lang='lat' dir='ltr'>pugna</span> <span class='ocrx_word' id='word_1_35' title='bbox 487 951 712 1016; x_wconf 88' lang='lat' dir='ltr'>committitur.</span> <span class='ocrx_word' id='word_1_36' title='bbox 749 971 814 1034; x_wconf 91' lang='lat' dir='ltr'>qua</span> <span class='ocrx_word' id='word_1_37' title='bbox 837 949 1049 1016; x_wconf 84' lang='lat' dir='ltr'>afflictatione</span> <span class='ocrx_word' id='word_1_38' title='bbox 1072 949 1137 1015; x_wconf 87' lang='lat' dir='ltr'>for-</span> 
     </span>
     <span class='ocr_line' id='line_1_9' title="bbox 120 1038 1136 1123; baseline -0.001 -19"><span class='ocrx_word' id='word_1_39' title='bbox 120 1043 218 1105; x_wconf 91' lang='lat' dir='ltr'>tunae</span> <span class='ocrx_word' id='word_1_40' title='bbox 240 1039 385 1105; x_wconf 84' lang='lat' dir='ltr'>Achilles</span> <span class='ocrx_word' id='word_1_41' title='bbox 412 1038 579 1123; x_wconf 82' lang='lat' dir='ltr'>paulisper</span> <span class='ocrx_word' id='word_1_42' title='bbox 605 1039 741 1105; x_wconf 86' lang='lat' dir='ltr'>inflexus</span> <span class='ocrx_word' id='word_1_43' title='bbox 764 1038 952 1104; x_wconf 76' lang='lat' dir='ltr'>Patroclum</span> <span class='ocrx_word' id='word_1_44' title='bbox 975 1039 1079 1104; x_wconf 88' lang='lat' dir='ltr'>mittit</span> <span class='ocrx_word' id='word_1_45' title='bbox 1102 1039 1136 1103; x_wconf 94' lang='lat' dir='ltr'>in</span> 
     </span>
     <span class='ocr_line' id='line_1_10' title="bbox 120 1127 1135 1214; baseline -0.002 -20"><span class='ocrx_word' id='word_1_46' title='bbox 120 1128 305 1212; x_wconf 87' lang='lat' dir='ltr'>praesentia</span> <span class='ocrx_word' id='word_1_47' title='bbox 324 1129 539 1214; x_wconf 80' lang='lat' dir='ltr'>cogniturum.</span> <span class='ocrx_word' id='word_1_48' title='bbox 572 1129 627 1212; x_wconf 89' lang='lat' dir='ltr'>qui</span> <span class='ocrx_word' id='word_1_49' title='bbox 647 1151 720 1193; x_wconf 88' lang='lat' dir='ltr'>cnm</span> <span class='ocrx_word' id='word_1_50' title='bbox 740 1127 867 1194; x_wconf 87' lang='lat' dir='ltr'>aduersi</span> <span class='ocrx_word' id='word_1_51' title='bbox 882 1130 987 1194; x_wconf 90' lang='lat' dir='ltr'>status</span> <span class='ocrx_word' id='word_1_52' title='bbox 1001 1128 1135 1194; x_wconf 81' lang='lat' dir='ltr'>nuntius</span> 
     </span>
     <span class='ocr_line' id='line_1_11' title="bbox 119 1217 1136 1302; baseline 0.001 -21"><span class='ocrx_word' id='word_1_53' title='bbox 119 1221 344 1302; x_wconf 87' lang='lat' dir='ltr'>reuerteretur,</span> <span class='ocrx_word' id='word_1_54' title='bbox 366 1217 570 1302; x_wconf 84' lang='lat' dir='ltr'>Eurypylum</span> <span class='ocrx_word' id='word_1_55' title='bbox 594 1218 834 1301; x_wconf 89' lang='lat' dir='ltr'>contemplatur</span> <span class='ocrx_word' id='word_1_56' title='bbox 853 1237 987 1302; x_wconf 81' lang='lat' dir='ltr'>aegrum</span> <span class='ocrx_word' id='word_1_57' title='bbox 1006 1239 1045 1282; x_wconf 87' lang='lat' dir='ltr'>ex</span> <span class='ocrx_word' id='word_1_58' title='bbox 1064 1218 1136 1282; x_wconf 91' lang='lat' dir='ltr'>uul-</span> 
     </span>
     <span class='ocr_line' id='line_1_12' title="bbox 120 1305 1189 1393; baseline 0.001 -23"><span class='ocrx_word' id='word_1_59' title='bbox 120 1327 196 1370; x_wconf 86' lang='lat' dir='ltr'>nere</span> <span class='ocrx_word' id='word_1_60' title='bbox 228 1307 447 1391; x_wconf 74' lang='lat' dir='ltr'>fomentisque</span> <span class='ocrx_word' id='word_1_61' title='bbox 480 1305 624 1372; x_wconf 90' lang='lat' dir='ltr'>medicae</span> <span class='ocrx_word' id='word_1_62' title='bbox 656 1306 735 1370; x_wconf 88' lang='lat' dir='ltr'>artis</span> <span class='ocrx_word' id='word_1_63' title='bbox 768 1305 908 1371; x_wconf 90' lang='lat' dir='ltr'>admotis</span> <span class='ocrx_word' id='word_1_64' title='bbox 936 1306 1137 1393; x_wconf 78' lang='lat' dir='ltr'>redintegrat</span> <span class='ocrx_word' id='word_1_65' title='bbox 1157 1322 1189 1371; x_wconf 93' lang='lat'>10</span> 
     </span>
     <span class='ocr_line' id='line_1_13' title="bbox 121 1394 264 1460; baseline 0.007 -1"><span class='ocrx_word' id='word_1_66' title='bbox 121 1394 264 1460; x_wconf 87' lang='lat' dir='ltr'>sanitati.</span> 
     </span>
    </p>
   </div>
   <div class='ocr_carea' id='block_1_6' title="bbox 599 1584 659 1640">
    <p class='ocr_par' dir='ltr' id='par_1_6' title="bbox 599 1584 659 1640">
     <span class='ocr_line' id='line_1_14' title="bbox 599 1584 659 1640; baseline 0 0"><span class='ocrx_word' id='word_1_67' title='bbox 599 1584 659 1640; x_wconf 85' lang='lat' dir='ltr'><strong>XII.</strong></span> 
     </span>
    </p>
   </div>
   <div class='ocr_carea' id='block_1_7' title="bbox 227 1683 1074 1834">
    <p class='ocr_par' dir='ltr' id='par_1_7' title="bbox 227 1683 1074 1834">
     <span class='ocr_line' id='line_1_15' title="bbox 255 1683 994 1763; baseline 0.003 -18"><span class='ocrx_word' id='word_1_68' title='bbox 255 1683 305 1754; x_wconf 66' lang='lat' dir='ltr'>‘tte</span> <span class='ocrx_word' id='word_1_69' title='bbox 323 1688 339 1747; x_wconf 87' lang='grc' dir='ltr'><strong>ὁ</strong></span> <span class='ocrx_word' id='word_1_70' title='bbox 358 1689 411 1763; x_wconf 76' lang='grc' dir='ltr'>μὲν</span> <span class='ocrx_word' id='word_1_71' title='bbox 432 1687 463 1747; x_wconf 78' lang='lat' dir='ltr'>r&#39;v</span> <span class='ocrx_word' id='word_1_72' title='bbox 482 1693 602 1763; x_wconf 72' lang='grc' dir='ltr'><strong><em>κλισίῃσι</em></strong></span> <span class='ocrx_word' id='word_1_73' title='bbox 620 1692 777 1748; x_wconf 75' lang='grc' dir='ltr'><strong><em>Μενοιτίου</em></strong></span> <span class='ocrx_word' id='word_1_74' title='bbox 796 1687 913 1762; x_wconf 73' lang='grc' dir='ltr'><strong><em>ἄλκιμος</em></strong></span> <span class='ocrx_word' id='word_1_75' title='bbox 931 1688 994 1756; x_wconf 77' lang='grc' dir='ltr'>υἱός</span> 
     </span>
     <span class='ocr_line' id='line_1_16' title="bbox 227 1761 1074 1834; baseline 0.002 -19"><span class='ocrx_word' id='word_1_76' title='bbox 227 1762 374 1819; x_wconf 80' lang='lat' dir='ltr'>Antorides</span> <span class='ocrx_word' id='word_1_77' title='bbox 393 1763 473 1819; x_wconf 83' lang='lat' dir='ltr'>fouet</span> <span class='ocrx_word' id='word_1_78' title='bbox 489 1761 664 1834; x_wconf 80' lang='lat' dir='ltr'>Eurypylum</span> <span class='ocrx_word' id='word_1_79' title='bbox 683 1762 750 1817; x_wconf 90' lang='lat' dir='ltr'>dum</span> <span class='ocrx_word' id='word_1_80' title='bbox 767 1763 884 1819; x_wconf 85' lang='lat' dir='ltr'>uulnere</span> <span class='ocrx_word' id='word_1_81' title='bbox 903 1761 1009 1818; x_wconf 83' lang='lat' dir='ltr'>fessum</span> <span class='ocrx_word' id='word_1_82' title='bbox 1071 1799 1074 1806; x_wconf 37' lang='grc' dir='ltr'><strong><em>ι</em></strong></span> 
     </span>
    </p>
   </div>
   <div class='ocr_carea' id='block_1_8' title="bbox 116 1889 1185 2596">
    <p class='ocr_par' dir='ltr' id='par_1_8' title="bbox 116 1889 1185 2596">
     <span class='ocr_line' id='line_1_17' title="bbox 185 1889 1134 1976; baseline 0.002 -22"><span class='ocrx_word' id='word_1_83' title='bbox 185 1889 249 1954; x_wconf 82' lang='lat' dir='ltr'>Res</span> <span class='ocrx_word' id='word_1_84' title='bbox 267 1890 382 1956; x_wconf 89' lang='lat' dir='ltr'>dubiae</span> <span class='ocrx_word' id='word_1_85' title='bbox 398 1891 483 1976; x_wconf 87' lang='lat' dir='ltr'>apud</span> <span class='ocrx_word' id='word_1_86' title='bbox 499 1890 639 1956; x_wconf 81' lang='lat' dir='ltr'>Graecos</span> <span class='ocrx_word' id='word_1_87' title='bbox 653 1891 706 1954; x_wconf 89' lang='lat' dir='ltr'>uel</span> <span class='ocrx_word' id='word_1_88' title='bbox 720 1890 830 1975; x_wconf 92' lang='lat' dir='ltr'>potius</span> <span class='ocrx_word' id='word_1_89' title='bbox 845 1891 985 1956; x_wconf 87' lang='lat' dir='ltr'>afflictae</span> <span class='ocrx_word' id='word_1_90' title='bbox 999 1890 1134 1956; x_wconf 90' lang='lat' dir='ltr'>ultimae</span> 
     </span>
     <span class='ocr_line' id='line_1_18' title="bbox 117 1979 1134 2064; baseline 0.002 -22"><span class='ocrx_word' id='word_1_91' title='bbox 117 1979 268 2043; x_wconf 85' lang='lat' dir='ltr'>fortunae</span> <span class='ocrx_word' id='word_1_92' title='bbox 292 1983 379 2044; x_wconf 89' lang='lat' dir='ltr'>statu</span> <span class='ocrx_word' id='word_1_93' title='bbox 403 1984 545 2063; x_wconf 82' lang='lat' dir='ltr'>aguntur</span> <span class='ocrx_word' id='word_1_94' title='bbox 567 1980 809 2064; x_wconf 77' lang='lat' dir='ltr'>praestantibus</span> <span class='ocrx_word' id='word_1_95' title='bbox 832 2001 1002 2063; x_wconf 87' lang='lat' dir='ltr'>procerum</span> <span class='ocrx_word' id='word_1_96' title='bbox 1023 1979 1134 2044; x_wconf 92' lang='lat' dir='ltr'>unlne-</span> 
     </span>
     <span class='ocr_line' id='line_1_19' title="bbox 117 2067 1168 2154; baseline 0.002 -23"><span class='ocrx_word' id='word_1_97' title='bbox 117 2068 213 2150; x_wconf 87' lang='lat' dir='ltr'>ratis,</span> <span class='ocrx_word' id='word_1_98' title='bbox 252 2073 359 2134; x_wconf 85' lang='lat' dir='ltr'>cetero</span> <span class='ocrx_word' id='word_1_99' title='bbox 391 2071 533 2136; x_wconf 85' lang='lat' dir='ltr'>exercitu</span> <span class='ocrx_word' id='word_1_100' title='bbox 565 2069 645 2154; x_wconf 82' lang='lat' dir='ltr'>fuga</span> <span class='ocrx_word' id='word_1_101' title='bbox 677 2071 734 2133; x_wconf 89' lang='lat' dir='ltr'>aut</span> <span class='ocrx_word' id='word_1_102' title='bbox 766 2067 941 2133; x_wconf 90' lang='lat' dir='ltr'>formidine</span> <span class='ocrx_word' id='word_1_103' title='bbox 973 2069 1168 2151; x_wconf 72' lang='lat' dir='ltr'>perculsos</span> 
     </span>
     <span class='ocr_line' id='line_1_20' title="bbox 118 2154 1132 2241; baseline 0.004 -23"><span class='ocrx_word' id='word_1_104' title='bbox 118 2154 252 2222; x_wconf 83' lang='lat' dir='ltr'>Troiani</span> <span class='ocrx_word' id='word_1_105' title='bbox 288 2159 455 2224; x_wconf 88' lang='lat' dir='ltr'>naualium</span> <span class='ocrx_word' id='word_1_106' title='bbox 494 2158 695 2224; x_wconf 88' lang='lat' dir='ltr'>munimenta</span> <span class='ocrx_word' id='word_1_107' title='bbox 726 2157 914 2223; x_wconf 89' lang='lat' dir='ltr'>rescindunt</span> <span class='ocrx_word' id='word_1_108' title='bbox 945 2155 1132 2241; x_wconf 86' lang='lat' dir='ltr'>uallumque</span> 
     </span>
     <span class='ocr_line' id='line_1_21' title="bbox 117 2245 1132 2333; baseline 0.005 -26"><span class='ocrx_word' id='word_1_109' title='bbox 117 2247 318 2328; x_wconf 82' lang='lat' dir='ltr'>transgressi</span> <span class='ocrx_word' id='word_1_110' title='bbox 359 2247 503 2333; x_wconf 84' lang='lat' dir='ltr'>auguriis</span> <span class='ocrx_word' id='word_1_111' title='bbox 540 2247 694 2312; x_wconf 89' lang='lat' dir='ltr'>iuuantur</span> <span class='ocrx_word' id='word_1_112' title='bbox 730 2267 769 2310; x_wconf 88' lang='lat' dir='ltr'>ex</span> <span class='ocrx_word' id='word_1_113' title='bbox 806 2251 925 2311; x_wconf 91' lang='lat' dir='ltr'>euentu</span> <span class='ocrx_word' id='word_1_114' title='bbox 962 2245 1132 2330; x_wconf 84' lang='lat' dir='ltr'>ambiguis.</span> 
     </span>
     <span class='ocr_line' id='line_1_22' title="bbox 116 2332 1132 2420; baseline 0.003 -24"><span class='ocrx_word' id='word_1_115' title='bbox 116 2332 228 2416; x_wconf 84' lang='lat' dir='ltr'>itaque</span> <span class='ocrx_word' id='word_1_116' title='bbox 256 2339 288 2399; x_wconf 89' lang='lat' dir='ltr'>et</span> <span class='ocrx_word' id='word_1_117' title='bbox 310 2357 385 2419; x_wconf 87' lang='lat' dir='ltr'>pars</span> <span class='ocrx_word' id='word_1_118' title='bbox 408 2337 493 2400; x_wconf 90' lang='lat' dir='ltr'>muri</span> <span class='ocrx_word' id='word_1_119' title='bbox 517 2337 558 2400; x_wconf 89' lang='lat' dir='ltr'>ab</span> <span class='ocrx_word' id='word_1_120' title='bbox 584 2334 768 2420; x_wconf 84' lang='lat' dir='ltr'>Sarpedone</span> <span class='ocrx_word' id='word_1_121' title='bbox 797 2335 1007 2418; x_wconf 89' lang='lat' dir='ltr'>conuellitur,</span> <span class='ocrx_word' id='word_1_122' title='bbox 1034 2340 1068 2399; x_wconf 89' lang='lat' dir='ltr'>et</span> <span class='ocrx_word' id='word_1_123' title='bbox 1091 2336 1132 2399; x_wconf 91' lang='lat' dir='ltr'>ab</span> 
     </span>
     <span class='ocr_line' id='line_1_23' title="bbox 117 2417 1133 2509; baseline 0.005 -25"><span class='ocrx_word' id='word_1_124' title='bbox 117 2417 260 2486; x_wconf 85' lang='lat' dir='ltr'>Hectore</span> <span class='ocrx_word' id='word_1_125' title='bbox 282 2423 349 2488; x_wconf 90' lang='lat' dir='ltr'>ictu</span> <span class='ocrx_word' id='word_1_126' title='bbox 367 2423 485 2507; x_wconf 88' lang='lat' dir='ltr'>lapidis</span> <span class='ocrx_word' id='word_1_127' title='bbox 504 2429 598 2508; x_wconf 85' lang='lat' dir='ltr'>porta</span> <span class='ocrx_word' id='word_1_128' title='bbox 621 2423 796 2509; x_wconf 80' lang='lat' dir='ltr'>dissicitur,</span> <span class='ocrx_word' id='word_1_129' title='bbox 820 2429 852 2490; x_wconf 90' lang='lat' dir='ltr'>et</span> <span class='ocrx_word' id='word_1_130' title='bbox 874 2425 907 2488; x_wconf 91' lang='lat' dir='ltr'>in</span> <span class='ocrx_word' id='word_1_131' title='bbox 930 2423 1011 2507; x_wconf 88' lang='lat' dir='ltr'>ipsis</span> <span class='ocrx_word' id='word_1_132' title='bbox 1035 2444 1133 2489; x_wconf 87' lang='lat' dir='ltr'>naua-</span> 
     </span>
     <span class='ocr_line' id='line_1_24' title="bbox 117 2509 1185 2596; baseline 0.008 -23"><span class='ocrx_word' id='word_1_133' title='bbox 117 2509 204 2574; x_wconf 91' lang='lat' dir='ltr'>libus</span> <span class='ocrx_word' id='word_1_134' title='bbox 227 2531 339 2596; x_wconf 83' lang='lat' dir='ltr'>pugna</span> <span class='ocrx_word' id='word_1_135' title='bbox 360 2513 553 2577; x_wconf 88' lang='lat' dir='ltr'>conseritur.</span> <span class='ocrx_word' id='word_1_136' title='bbox 1152 2526 1185 2575; x_wconf 91' lang='lat'>10</span> 
     </span>
    </p>
   </div>
   <div class='ocr_carea' id='block_1_9' title="bbox 115 2736 1132 2952">
    <p class='ocr_par' dir='ltr' id='par_1_9' title="bbox 115 2736 1132 2952">
     <span class='ocr_line' id='line_1_25' title="bbox 188 2736 1132 2808; baseline 0.005 -19"><span class='ocrx_word' id='word_1_137' title='bbox 188 2736 227 2790; x_wconf 90' lang='lat' dir='ltr'>XI</span> <span class='ocrx_word' id='word_1_138' title='bbox 250 2743 276 2794; x_wconf 76' lang='lat'>2.</span> <span class='ocrx_word' id='word_1_139' title='bbox 295 2744 319 2793; x_wconf 80' lang='grc'>3.</span> <span class='ocrx_word' id='word_1_140' title='bbox 338 2737 423 2808; x_wconf 82' lang='lat' dir='ltr'>Verg.</span> <span class='ocrx_word' id='word_1_141' title='bbox 442 2737 537 2792; x_wconf 78' lang='lat' dir='ltr'>A1111</span> <span class='ocrx_word' id='word_1_142' title='bbox 557 2742 610 2794; x_wconf 77' lang='lat'>584</span> <span class='ocrx_word' id='word_1_143' title='bbox 624 2756 664 2808; x_wconf 88' lang='lat' dir='ltr'>sq.</span> <span class='ocrx_word' id='word_1_144' title='bbox 689 2736 768 2793; x_wconf 90' lang='lat' dir='ltr'>VIIII</span> <span class='ocrx_word' id='word_1_145' title='bbox 786 2742 839 2792; x_wconf 74' lang='lat'>457</span> <span class='ocrx_word' id='word_1_146' title='bbox 854 2757 895 2807; x_wconf 87' lang='lat' dir='ltr'>sq.</span> <span class='ocrx_word' id='word_1_147' title='bbox 920 2737 955 2808; x_wconf 87' lang='lat' dir='ltr'>(G</span> <span class='ocrx_word' id='word_1_148' title='bbox 974 2737 1069 2808; x_wconf 80' lang='lat'><strong>144⁷)</strong></span> <span class='ocrx_word' id='word_1_149' title='bbox 1095 2739 1132 2794; x_wconf 84' lang='lat' dir='ltr'>Et</span> 
     </span>
     <span class='ocr_line' id='line_1_26' title="bbox 116 2806 1130 2880; baseline 0.005 -19"><span class='ocrx_word' id='word_1_150' title='bbox 116 2806 175 2862; x_wconf 88' lang='lat' dir='ltr'>iam</span> <span class='ocrx_word' id='word_1_151' title='bbox 202 2809 293 2876; x_wconf 87' lang='lat' dir='ltr'>prima</span> <span class='ocrx_word' id='word_1_152' title='bbox 320 2826 393 2866; x_wconf 90' lang='lat' dir='ltr'>nouo</span> <span class='ocrx_word' id='word_1_153' title='bbox 417 2810 571 2880; x_wconf 78' lang='lat' dir='ltr'>spargebat</span> <span class='ocrx_word' id='word_1_154' title='bbox 595 2811 702 2865; x_wconf 88' lang='lat' dir='ltr'>lumine</span> <span class='ocrx_word' id='word_1_155' title='bbox 729 2814 819 2864; x_wconf 88' lang='lat' dir='ltr'>terras</span> <span class='ocrx_word' id='word_1_156' title='bbox 842 2809 958 2864; x_wconf 80' lang='lat' dir='ltr'>Tithoni</span> <span class='ocrx_word' id='word_1_157' title='bbox 978 2841 1010 2850; x_wconf 86' lang='lat'><strong>—</strong></span> <span class='ocrx_word' id='word_1_158' title='bbox 1030 2810 1130 2866; x_wconf 89' lang='lat' dir='ltr'>cubile.</span> 
     </span>
     <span class='ocr_line' id='line_1_27' title="bbox 115 2879 1130 2952; baseline 0.004 -20"><span class='ocrx_word' id='word_1_159' title='bbox 115 2879 155 2933; x_wconf 88' lang='lat' dir='ltr'>XI</span> <span class='ocrx_word' id='word_1_160' title='bbox 168 2885 217 2934; x_wconf 89' lang='grc'>183</span> <span class='ocrx_word' id='word_1_161' title='bbox 232 2880 341 2935; x_wconf 81' lang='lat' dir='ltr'>Aurora</span> <span class='ocrx_word' id='word_1_162' title='bbox 356 2921 379 2937; x_wconf 86' lang='lat'>..</span> <span class='ocrx_word' id='word_1_163' title='bbox 393 2924 399 2936; x_wconf 94' lang='lat'>.</span> <span class='ocrx_word' id='word_1_164' title='bbox 414 2882 555 2936; x_wconf 83' lang='lat' dir='ltr'>extulerat</span> <span class='ocrx_word' id='word_1_165' title='bbox 567 2883 660 2937; x_wconf 87' lang='lat' dir='ltr'>lucam</span> <span class='ocrx_word' id='word_1_166' title='bbox 674 2879 797 2936; x_wconf 81' lang='lat' dir='ltr'>referens</span> <span class='ocrx_word' id='word_1_167' title='bbox 813 2897 898 2952; x_wconf 88' lang='lat' dir='ltr'>opera</span> <span class='ocrx_word' id='word_1_168' title='bbox 912 2884 996 2950; x_wconf 86' lang='lat' dir='ltr'>atque</span> <span class='ocrx_word' id='word_1_169' title='bbox 1010 2882 1130 2937; x_wconf 90' lang='lat' dir='ltr'>labores.</span> 
     </span>
    </p>
   </div>
   <div class='ocr_carea' id='block_1_10' title="bbox 116 3009 329 3018">
    <p class='ocr_par' dir='ltr' id='par_1_10' title="bbox 116 3009 329 3018">
     <span class='ocr_line' id='line_1_28' title="bbox 116 3009 329 3018; baseline 0.005 -1"><span class='ocrx_word' id='word_1_170' title='bbox 116 3009 329 3018; x_wconf 79' lang='lat'>————---.—..</span> 
     </span>
    </p>
   </div>
   <div class='ocr_carea' id='block_1_11' title="bbox 114 3093 1129 3234">
    <p class='ocr_par' dir='ltr' id='par_1_11' title="bbox 114 3093 1129 3234">
     <span class='ocr_line' id='line_1_29' title="bbox 188 3093 1129 3150; baseline 0 -3"><span class='ocrx_word' id='word_1_171' title='bbox 188 3093 227 3147; x_wconf 85' lang='lat' dir='ltr'>XI</span> <span class='ocrx_word' id='word_1_172' title='bbox 249 3098 263 3147; x_wconf 89' lang='lat'>1</span> <span class='ocrx_word' id='word_1_173' title='bbox 282 3111 338 3148; x_wconf 72' lang='grc' dir='ltr'>ιω(</span> <span class='ocrx_word' id='word_1_174' title='bbox 352 3109 654 3149; x_wconf 76' lang='lat' dir='ltr'>eauexcwmrarararor</span> <span class='ocrx_word' id='word_1_175' title='bbox 667 3094 697 3149; x_wconf 98' lang='lat' dir='ltr'><strong><em>P</em></strong></span> <span class='ocrx_word' id='word_1_176' title='bbox 738 3094 907 3149; x_wconf 80' lang='lat' dir='ltr'>2Thithoni</span> <span class='ocrx_word' id='word_1_177' title='bbox 920 3093 950 3150; x_wconf 89' lang='lat' dir='ltr'><strong><em>P</em></strong></span> <span class='ocrx_word' id='word_1_178' title='bbox 1002 3100 1017 3148; x_wconf 82' lang='grc'><strong>6</strong></span> <span class='ocrx_word' id='word_1_179' title='bbox 1035 3094 1129 3148; x_wconf 88' lang='lat' dir='ltr'>multi-</span> 
     </span>
     <span class='ocr_line' id='line_1_30' title="bbox 114 3164 687 3234; baseline 0 -16"><span class='ocrx_word' id='word_1_180' title='bbox 114 3165 179 3219; x_wconf 87' lang='lat' dir='ltr'>tudi</span> <span class='ocrx_word' id='word_1_181' title='bbox 196 3164 245 3232; x_wconf 90' lang='grc' dir='ltr'>ΡΙ</span> <span class='ocrx_word' id='word_1_182' title='bbox 270 3164 336 3234; x_wconf 86' lang='lat' dir='ltr'>quia</span> <span class='ocrx_word' id='word_1_183' title='bbox 356 3165 384 3218; x_wconf 91' lang='lat' dir='ltr'><strong><em>P</em></strong></span> <span class='ocrx_word' id='word_1_184' title='bbox 452 3164 637 3234; x_wconf 84' lang='lat' dir='ltr'>9euripilum</span> <span class='ocrx_word' id='word_1_185' title='bbox 660 3166 687 3218; x_wconf 96' lang='lat' dir='ltr'><strong><em>P</em></strong></span> 
     </span>
    </p>
   </div>
   <div class='ocr_carea' id='block_1_12' title="bbox 114 3249 1131 3610">
    <p class='ocr_par' dir='ltr' id='par_1_12' title="bbox 114 3249 1131 3610">
     <span class='ocr_line' id='line_1_31' title="bbox 185 3249 1131 3325; baseline 0 -19"><span class='ocrx_word' id='word_1_186' title='bbox 185 3252 237 3306; x_wconf 86' lang='lat' dir='ltr'>XII</span> <span class='ocrx_word' id='word_1_187' title='bbox 256 3258 270 3306; x_wconf 89' lang='lat'>1</span> <span class='ocrx_word' id='word_1_188' title='bbox 291 3249 323 3307; x_wconf 72' lang='grc' dir='ltr'>ἐν</span> <span class='ocrx_word' id='word_1_189' title='bbox 337 3254 468 3325; x_wconf 69' lang='grc' dir='ltr'><strong><em>κλισίῃσι]</em></strong></span> <span class='ocrx_word' id='word_1_190' title='bbox 489 3271 619 3309; x_wconf 75' lang='lat' dir='ltr'>cnrcamu</span> <span class='ocrx_word' id='word_1_191' title='bbox 629 3255 674 3324; x_wconf 84' lang='lat' dir='ltr'><strong><em>P}</em></strong></span> <span class='ocrx_word' id='word_1_192' title='bbox 690 3249 806 3324; x_wconf 68' lang='grc' dir='ltr'><strong><em>ἄλκιμος</em></strong></span> <span class='ocrx_word' id='word_1_193' title='bbox 824 3249 899 3323; x_wconf 76' lang='grc' dir='ltr'>υἱός]</span> <span class='ocrx_word' id='word_1_194' title='bbox 918 3271 1092 3308; x_wconf 72' lang='lat' dir='ltr'>anonocomc</span> <span class='ocrx_word' id='word_1_195' title='bbox 1104 3253 1131 3306; x_wconf 95' lang='lat' dir='ltr'><strong><em>P</em></strong></span> 
     </span>
     <span class='ocr_line' id='line_1_32' title="bbox 150 3323 1129 3396; baseline -0.001 -18"><span class='ocrx_word' id='word_1_196' title='bbox 150 3330 166 3378; x_wconf 77' lang='lat'>2</span> <span class='ocrx_word' id='word_1_197' title='bbox 186 3323 338 3394; x_wconf 86' lang='lat' dir='ltr'>euripllum</span> <span class='ocrx_word' id='word_1_198' title='bbox 357 3324 386 3378; x_wconf 90' lang='lat' dir='ltr'><strong><em>P</em></strong></span> <span class='ocrx_word' id='word_1_199' title='bbox 438 3330 454 3378; x_wconf 85' lang='grc'>3</span> <span class='ocrx_word' id='word_1_200' title='bbox 473 3325 532 3380; x_wconf 88' lang='lat' dir='ltr'>Rex</span> <span class='ocrx_word' id='word_1_201' title='bbox 546 3325 574 3380; x_wconf 93' lang='lat' dir='ltr'><strong><em>P</em></strong></span> <span class='ocrx_word' id='word_1_202' title='bbox 591 3327 866 3382; x_wconf 57' lang='lat' dir='ltr'>commutaciones</span> <span class='ocrx_word' id='word_1_203' title='bbox 890 3327 895 3396; x_wconf 77' lang='grc' dir='ltr'>Ι</span> <span class='ocrx_word' id='word_1_204' title='bbox 919 3324 949 3377; x_wconf 88' lang='lat' dir='ltr'>in</span> <span class='ocrx_word' id='word_1_205' title='bbox 967 3341 994 3378; x_wconf 93' lang='lat' dir='ltr'>u.</span> <span class='ocrx_word' id='word_1_206' title='bbox 1013 3324 1031 3379; x_wconf 90' lang='lat' dir='ltr'>f.</span> <span class='ocrx_word' id='word_1_207' title='bbox 1052 3326 1129 3381; x_wconf 80' lang='lat' dir='ltr'>statu</span> 
     </span>
     <span class='ocr_line' id='line_1_33' title="bbox 114 3395 1130 3466; baseline -0.004 -14"><span class='ocrx_word' id='word_1_208' title='bbox 114 3397 230 3452; x_wconf 69' lang='lat' dir='ltr'>suanus</span> <span class='ocrx_word' id='word_1_209' title='bbox 245 3398 250 3466; x_wconf 80' lang='grc' dir='ltr'>Ι</span> <span class='ocrx_word' id='word_1_210' title='bbox 265 3397 493 3464; x_wconf 80' lang='lat' dir='ltr'>presentantibus</span> <span class='ocrx_word' id='word_1_211' title='bbox 510 3397 537 3451; x_wconf 92' lang='lat' dir='ltr'><strong><em>P</em></strong></span> <span class='ocrx_word' id='word_1_212' title='bbox 553 3396 746 3466; x_wconf 86' lang='lat' dir='ltr'>perstantibus</span> <span class='ocrx_word' id='word_1_213' title='bbox 761 3396 896 3451; x_wconf 70' lang='grc' dir='ltr'><strong><em>Ηιιιιιίιιι</em></strong></span> <span class='ocrx_word' id='word_1_214' title='bbox 911 3397 916 3465; x_wconf 89' lang='grc' dir='ltr'>Ι</span> <span class='ocrx_word' id='word_1_215' title='bbox 932 3395 1086 3450; x_wconf 66' lang='lat' dir='ltr'>uulneratis</span> <span class='ocrx_word' id='word_1_216' title='bbox 1102 3396 1130 3449; x_wconf 93' lang='lat' dir='ltr'><strong><em>P</em></strong></span> 
     </span>
     <span class='ocr_line' id='line_1_34' title="bbox 150 3466 1078 3540; baseline -0.001 -18"><span class='ocrx_word' id='word_1_217' title='bbox 150 3473 166 3522; x_wconf 76' lang='grc' dir='ltr'>ὅ</span> <span class='ocrx_word' id='word_1_218' title='bbox 188 3467 258 3536; x_wconf 79' lang='lat' dir='ltr'>fuga</span> <span class='ocrx_word' id='word_1_219' title='bbox 276 3467 314 3521; x_wconf 86' lang='lat' dir='ltr'><strong><em>P·</em></strong></span> <span class='ocrx_word' id='word_1_220' title='bbox 341 3467 438 3536; x_wconf 81' lang='lat' dir='ltr'>fugato</span> <span class='ocrx_word' id='word_1_221' title='bbox 461 3467 588 3540; x_wconf 73' lang='lat' dir='ltr'>Vpoletus</span> <span class='ocrx_word' id='word_1_222' title='bbox 655 3473 809 3538; x_wconf 76' lang='lat' dir='ltr'>scarpone</span> <span class='ocrx_word' id='word_1_223' title='bbox 828 3467 882 3534; x_wconf 86' lang='grc' dir='ltr'>ΡΙ</span> <span class='ocrx_word' id='word_1_224' title='bbox 910 3466 1031 3522; x_wconf 87' lang='lat' dir='ltr'>conuelli</span> <span class='ocrx_word' id='word_1_225' title='bbox 1050 3468 1078 3521; x_wconf 92' lang='lat' dir='ltr'><strong><em>P</em></strong></span> 
     </span>
     <span class='ocr_line' id='line_1_35' title="bbox 114 3537 1032 3610; baseline 0.001 -16"><span class='ocrx_word' id='word_1_226' title='bbox 114 3545 131 3594; x_wconf 84' lang='lat'>9</span> <span class='ocrx_word' id='word_1_227' title='bbox 149 3538 272 3609; x_wconf 84' lang='lat' dir='ltr'>plapidis</span> <span class='ocrx_word' id='word_1_228' title='bbox 291 3539 338 3608; x_wconf 91' lang='grc' dir='ltr'>ΡΙ</span> <span class='ocrx_word' id='word_1_229' title='bbox 359 3537 504 3594; x_wconf 88' lang='lat' dir='ltr'>discicitur</span> <span class='ocrx_word' id='word_1_230' title='bbox 522 3539 551 3593; x_wconf 92' lang='lat' dir='ltr'><strong><em>P</em></strong></span> <span class='ocrx_word' id='word_1_231' title='bbox 565 3555 634 3595; x_wconf 85' lang='lat' dir='ltr'>corr.</span> <span class='ocrx_word' id='word_1_232' title='bbox 652 3540 752 3610; x_wconf 69' lang='grc' dir='ltr'><strong><em>Ριὴιιι</em></strong></span> <span class='ocrx_word' id='word_1_233' title='bbox 770 3538 920 3593; x_wconf 82' lang='lat' dir='ltr'>discutitur</span> <span class='ocrx_word' id='word_1_234' title='bbox 940 3538 1032 3594; x_wconf 80' lang='lat' dir='ltr'>Paria.</span> 
     </span>
    </p>
   </div>
   <div class='ocr_carea' id='block_1_13' title="bbox 166 3629 1016 3680">
    <p class='ocr_par' dir='ltr' id='par_1_13' title="bbox 166 3629 1016 3680">
     <span class='ocr_line' id='line_1_36' title="bbox 166 3629 1016 3680; baseline 0.002 -2"><span class='ocrx_word' id='word_1_235' title='bbox 166 3635 298 3680; x_wconf 77' lang='lat' dir='ltr'>Avsorrvs.</span> <span class='ocrx_word' id='word_1_236' title='bbox 933 3631 967 3680; x_wconf 74' lang='lat' dir='ltr'>ab</span> <span class='ocrx_word' id='word_1_237' title='bbox 1014 3629 1016 3634; x_wconf 66' lang='grc'><strong>’</strong></span> 
     </span>
    </p>
   </div>
   <div class='ocr_carea' id='block_1_14' title="bbox 0 0 1274 3964">
    <p class='ocr_par' dir='ltr' id='par_1_14' title="bbox 0 0 1274 3964">
     <span class='ocr_line' id='line_1_37' title="bbox 0 0 1274 3964; baseline 0 2"><span class='ocrx_word' id='word_1_238' title='bbox 0 0 1274 3964; x_wconf 95' lang='lat' dir='ltr'> </span> 
     </span>
    </p>
   </div>
  </div>
 </body>
</html>
