2532 3954
613 901 690 970 ΠΙῙ.

91 1083 216 1133 [us-nu
402 1049 891 1124 PARENTALIA.

91 1278 148 1330 [ras]
443 1255 653 1314 PRAEFATIO
673 1255 713 1313 IN
731 1255 858 1313 Paean.

211 1382 283 1451 Soio
302 1385 471 1452 uersiculis
489 1388 570 1452 meis
590 1386 732 1470 euenire,
751 1388 788 1451 ut
806 1384 974 1450 fastidiose
993 1384 1165 1468 legantur:

145 1475 265 1560 quippe
298 1474 345 1541 sio
377 1476 528 1541 meritum
562 1482 612 1540 est
640 1497 761 1540 eorum.
807 1474 863 1539 sed
891 1473 1049 1558 quosdam
1079 1475 1168 1539 solet

144 1564 369 1629 commendare
397 1565 536 1630 materia
563 1568 595 1629 et
618 1565 815 1649 aliquotiens
842 1563 982 1628 fortasse
1004 1563 1166 1628 lectorem

145 1654 251 1718 solum
274 1654 395 1718 lemma
418 1654 574 1719 sollicitat
596 1653 700 1737 tituli,
723 1656 760 1717 ut
782 1652 962 1717 festiuitate
984 1673 1165 1735 persuasus

145 1745 179 1807 et
201 1742 359 1826 ineptiam
386 1742 470 1807 ferre
499 1744 670 1807 contentus
698 1742 749 1806 sit.
795 1741 857 1806 hoo
881 1741 1074 1826 opuseulum
1101 1758 1204 1806 neco

145 1832 282 1895 materia
297 1852 468 1896 amoenum
482 1836 533 1897 est
546 1852 607 1896 neo
619 1829 838 1915 appellatione
852 1829 1037 1895 iuuandum.
1060 1829 1167 1895 habet

145 1923 305 1985 maestam
324 1919 524 2004 religionem,
545 1943 608 2006 qua
626 1941 773 1985 carorum
789 1940 933 1984 meorum
949 1918 1060 1983 obitus
1075 1920 1167 1984 tristi

146 2008 328 2074 adfectione
352 2030 578 2074 commemoro.
619 2009 734 2073 titulus
762 2008 866 2073 libelli
893 2010 943 2073 est
964 2007 1167 2074 Parentalia.

146 2098 300 2182 antiquae
324 2098 554 2182 appellationis
577 2098 631 2163 hio
654 2098 722 2162 dies
746 2101 779 2162 et
802 2098 867 2162 iam
890 2096 966 2160 inde
989 2095 1031 2160 ab
1051 2095 1167 2162 Numa

146 2191 360 2271 cognatorum
384 2186 509 2252 inferiis
533 2187 716 2252 institutus:
740 2207 799 2252 neo
820 2185 996 2270 quidquam
1016 2185 1165 2251 sanetius
1190 2202 1224 2249 10

143 2275 245 2340 habet
266 2277 448 2340 reuerentia
472 2276 699 2361 superstitum,
724 2297 821 2359 quam
844 2278 882 2340 ut
905 2274 1042 2339 amissos
1065 2297 1167 2340 uene-

144 2364 294 2430 rabiliter
316 2364 511 2430 recordetur.

95 2575 152 2625 [159]
283 2556 374 2610 ΙΤΕΜ
391 2555 598 2613 PRAEFATIO
617 2554 795 2611 VERSIBUS
814 2554 1022 2611 ADNOTATA.

144 2681 288 2747 Nomina
312 2705 460 2750 carorum
482 2685 548 2750 iam
572 2685 704 2750 condita
726 2683 838 2749 funere
860 2683 961 2763 iusto,

190 2770 287 2835 Flete
309 2774 399 2857 prius
423 2774 580 2856 lacrimis,
603 2795 688 2838 nuno
712 2773 899 2838 memorabo
923 2771 1043 2857 modis,

144 2857 255 2942 Nuda,
279 2861 348 2924 sine
372 2865 488 2926 ornatu
510 2862 666 2947 fandique
690 2862 834 2926 carentia
857 2862 983 2926 cultus

191 2945 319 3013 Sufficit
343 2949 467 3014 inferiis
491 2952 667 3036 exequialis
689 2952 805 3017 honos.

108 3126 137 3178 V
215 3126 316 3178 chrrr
334 3142 499 3179 einamma
517 3130 720 3180 samonensis.
740 3123 768 3179 V
820 3124 978 3193 lugentur
992 3125 1020 3193 (n
1035 3125 1083 3194 al.)
1105 3125 1132 3180 V

146 3194 330 3251 salicetiens
349 3197 374 3264 (o
393 3197 425 3251 a'a
444 3213 463 3264 q
481 3197 528 3266 al.)
553 3196 580 3251 V
640 3202 763 3265 tenura.
782 3175 849 3267 XV
901 3195 1088 3252 8affeotione
1112 3197 1163 3302 V'

143 3299 237 3356 nuens
260 3302 296 3356 ν1
372 3279 501 3371 sentila
519 3305 548 3388 φ
566 3305 614 3374 ar.)
638 3303 666 3358 V
729 3308 762 3356 10
780 3301 932 3372 quiequam
956 3301 983 3356 V
1043 3308 1076 3356 11
1097 3304 1166 3359 aaa

150 3389 188 3442 V1
210 3391 215 3459 Ι
239 3393 409 3447 reuerentia:
430 3408 447 3446 a
465 3409 499 3447 ea
518 3398 556 3447 a?
581 3391 608 3446 V
626 3394 630 3463 l
652 3391 852 3446 uenerauiliter
875 3390 910 3446 V¹

216 3497 356 3536 vsnsmus:
385 3500 409 3535 s1
431 3498 465 3537 era
488 3501 514 3536 01
537 3480 564 3535 V
633 3498 683 3536 eeu.
703 3486 781 3533 1—4
801 3486 864 3550 post
888 3486 966 3537 5-8
989 3486 1164 3554 &erepuerit

145 3549 274 3605 Braades
345 3557 452 3606 anum>
470 3554 496 3622 (o
515 3551 615 3621 al.)V
