<?xml version="1.0" encoding="UTF-8"?>
<!DOCTYPE html PUBLIC "-//W3C//DTD XHTML 1.0 Transitional//EN"
    "http://www.w3.org/TR/xhtml1/DTD/xhtml1-transitional.dtd">
<html xmlns="http://www.w3.org/1999/xhtml" xml:lang="en" lang="en">
 <head>
  <title>
</title>
<meta http-equiv="Content-Type" content="text/html;charset=utf-8" />
  <meta name='ocr-system' content='tesseract 3.04.00' />
  <meta name='ocr-capabilities' content='ocr_page ocr_carea ocr_par ocr_line ocrx_word'/>
</head>
<body>
  <div class='ocr_page' id='page_1' title='image "./decimimagniavso01ausogoog_0079.png"; bbox 0 0 2516 3954; ppageno 0'>
   <div class='ocr_carea' id='block_1_1' title="bbox 508 205 780 253">
    <p class='ocr_par' dir='ltr' id='par_1_1' title="bbox 508 205 780 253">
     <span class='ocr_line' id='line_1_1' title="bbox 508 205 780 253; baseline 0 -1"><span class='ocrx_word' id='word_1_1' title='bbox 508 226 544 236; x_wconf 92' lang='lat'>-·</span> <span class='ocrx_word' id='word_1_2' title='bbox 593 205 694 253; x_wconf 86' lang='lat' dir='ltr'>LXXII</span> <span class='ocrx_word' id='word_1_3' title='bbox 744 226 780 235; x_wconf 91' lang='lat'><em>-</em></span> 
     </span>
    </p>
   </div>
   <div class='ocr_carea' id='block_1_2' title="bbox 138 347 1161 702">
    <p class='ocr_par' dir='ltr' id='par_1_2' title="bbox 138 347 1161 702">
     <span class='ocr_line' id='line_1_2' title="bbox 138 347 1161 434; baseline 0.003 -19"><span class='ocrx_word' id='word_1_4' title='bbox 138 351 201 415; x_wconf 89' lang='lat' dir='ltr'>mis</span> <span class='ocrx_word' id='word_1_5' title='bbox 230 349 318 416; x_wconf 88' lang='lat' dir='ltr'>foliis</span> <span class='ocrx_word' id='word_1_6' title='bbox 338 347 568 434; x_wconf 56' lang='lat' dir='ltr'>&#39;quaternionis</span> <span class='ocrx_word' id='word_1_7' title='bbox 597 349 653 434; x_wconf 91' lang='lat' dir='ltr'>qui</span> <span class='ocrx_word' id='word_1_8' title='bbox 682 348 878 432; x_wconf 73' lang='lat' dir='ltr'>sequebatur</span> <span class='ocrx_word' id='word_1_9' title='bbox 906 349 1050 415; x_wconf 84' lang='lat' dir='ltr'>exscissa</span> <span class='ocrx_word' id='word_1_10' title='bbox 1075 357 1161 418; x_wconf 88' lang='lat' dir='ltr'>sunt.</span> 
     </span>
     <span class='ocr_line' id='line_1_3' title="bbox 139 437 1159 524; baseline 0.004 -20"><span class='ocrx_word' id='word_1_11' title='bbox 139 440 173 504; x_wconf 93' lang='lat' dir='ltr'>in</span> <span class='ocrx_word' id='word_1_12' title='bbox 202 440 319 524; x_wconf 90' lang='lat' dir='ltr'>quibus</span> <span class='ocrx_word' id='word_1_13' title='bbox 347 443 424 524; x_wconf 88' lang='lat' dir='ltr'>post</span> <span class='ocrx_word' id='word_1_14' title='bbox 446 438 590 504; x_wconf 85' lang='lat' dir='ltr'>Ennodii</span> <span class='ocrx_word' id='word_1_15' title='bbox 617 437 735 502; x_wconf 88' lang='lat' dir='ltr'>ultima</span> <span class='ocrx_word' id='word_1_16' title='bbox 758 437 896 504; x_wconf 86' lang='lat' dir='ltr'>Ausonii</span> <span class='ocrx_word' id='word_1_17' title='bbox 918 437 1061 505; x_wconf 82' lang='lat' dir='ltr'>Mosella</span> <span class='ocrx_word' id='word_1_18' title='bbox 1086 463 1159 508; x_wconf 90' lang='lat' dir='ltr'>cum</span> 
     </span>
     <span class='ocr_line' id='line_1_4' title="bbox 140 525 1161 613; baseline 0.004 -21"><span class='ocrx_word' id='word_1_19' title='bbox 140 525 328 613; x_wconf 80' lang='lat' dir='ltr'><strong>Symmachi</strong></span> <span class='ocrx_word' id='word_1_20' title='bbox 361 527 501 611; x_wconf 89' lang='lat' dir='ltr'>epistula</span> <span class='ocrx_word' id='word_1_21' title='bbox 534 527 656 610; x_wconf 89' lang='lat' dir='ltr'>scripta</span> <span class='ocrx_word' id='word_1_22' title='bbox 686 525 832 611; x_wconf 85' lang='lat' dir='ltr'>fuerunt,</span> <span class='ocrx_word' id='word_1_23' title='bbox 865 527 950 611; x_wconf 91' lang='lat' dir='ltr'>quod</span> <span class='ocrx_word' id='word_1_24' title='bbox 979 530 1161 596; x_wconf 86' lang='lat' dir='ltr'>ostendunt</span> 
     </span>
     <span class='ocr_line' id='line_1_5' title="bbox 139 615 826 702; baseline -0.004 -19"><span class='ocrx_word' id='word_1_25' title='bbox 139 617 338 702; x_wconf 85' lang='lat' dir='ltr'>apographa,</span> <span class='ocrx_word' id='word_1_26' title='bbox 362 638 445 700; x_wconf 91' lang='lat' dir='ltr'>quae</span> <span class='ocrx_word' id='word_1_27' title='bbox 469 616 555 680; x_wconf 84' lang='lat' dir='ltr'>infra</span> <span class='ocrx_word' id='word_1_28' title='bbox 577 615 826 680; x_wconf 83' lang='lat' dir='ltr'><strong>recensebimus.</strong></span> 
     </span>
    </p>
   </div>
   <div class='ocr_carea' id='block_1_3' title="bbox 137 721 1161 913">
    <p class='ocr_par' dir='ltr' id='par_1_3' title="bbox 137 721 1161 913">
     <span class='ocr_line' id='line_1_6' title="bbox 205 721 1161 791; baseline 0.003 -4"><span class='ocrx_word' id='word_1_29' title='bbox 205 722 227 788; x_wconf 84' lang='lat' dir='ltr'>f.</span> <span class='ocrx_word' id='word_1_30' title='bbox 250 724 424 788; x_wconf 80' lang='lat'>117-118</span> <span class='ocrx_word' id='word_1_31' title='bbox 458 721 599 787; x_wconf 89' lang='lat' dir='ltr'>Ausonii</span> <span class='ocrx_word' id='word_1_32' title='bbox 631 721 787 787; x_wconf 77' lang='lat' dir='ltr'>Caesares</span> <span class='ocrx_word' id='word_1_33' title='bbox 816 723 852 788; x_wconf 88' lang='lat' dir='ltr'>.i.</span> <span class='ocrx_word' id='word_1_34' title='bbox 885 724 1096 790; x_wconf 86' lang='lat' dir='ltr'>monosticha</span> <span class='ocrx_word' id='word_1_35' title='bbox 1128 731 1161 791; x_wconf 90' lang='lat' dir='ltr'>et</span> 
     </span>
     <span class='ocr_line' id='line_1_7' title="bbox 137 807 1161 913; baseline 0.003 -37"><span class='ocrx_word' id='word_1_36' title='bbox 137 811 354 877; x_wconf 65' lang='lat' dir='ltr'>tetrastichon</span> <span class='ocrx_word' id='word_1_37' title='bbox 369 835 399 878; x_wconf 92' lang='lat' dir='ltr'>u.</span> <span class='ocrx_word' id='word_1_38' title='bbox 411 813 527 877; x_wconf 83' lang='lat'>1—80.</span> <span class='ocrx_word' id='word_1_39' title='bbox 552 807 606 898; x_wconf 84' lang='lat' dir='ltr'>(de</span> <span class='ocrx_word' id='word_1_40' title='bbox 621 811 738 895; x_wconf 90' lang='lat' dir='ltr'>quibus</span> <span class='ocrx_word' id='word_1_41' title='bbox 752 812 817 876; x_wconf 92' lang='lat' dir='ltr'>uid.</span> <span class='ocrx_word' id='word_1_42' title='bbox 833 833 929 913; x_wconf 87' lang='lat' dir='ltr'>supra</span> <span class='ocrx_word' id='word_1_43' title='bbox 938 835 970 896; x_wconf 88' lang='lat' dir='ltr'>p.</span> <span class='ocrx_word' id='word_1_44' title='bbox 980 812 1082 878; x_wconf 85' lang='lat' dir='ltr'><strong><em>LIIH</em></strong></span> <span class='ocrx_word' id='word_1_45' title='bbox 1088 812 1161 902; x_wconf 61' lang='lat' dir='ltr'>Ml)</span> 
     </span>
    </p>
   </div>
   <div class='ocr_carea' id='block_1_4' title="bbox 205 917 557 984">
    <p class='ocr_par' dir='ltr' id='par_1_4' title="bbox 205 917 557 984">
     <span class='ocr_line' id='line_1_8' title="bbox 205 917 557 984; baseline -0.009 -2"><span class='ocrx_word' id='word_1_46' title='bbox 205 917 227 984; x_wconf 85' lang='lat' dir='ltr'>f.</span> <span class='ocrx_word' id='word_1_47' title='bbox 247 918 420 982; x_wconf 82' lang='lat'>119—121</span> <span class='ocrx_word' id='word_1_48' title='bbox 445 938 557 980; x_wconf 88' lang='lat' dir='ltr'>uacua.</span> 
     </span>
    </p>
   </div>
   <div class='ocr_carea' id='block_1_5' title="bbox 139 1009 1238 1464">
    <p class='ocr_par' dir='ltr' id='par_1_5' title="bbox 139 1009 1238 1464">
     <span class='ocr_line' id='line_1_9' title="bbox 206 1009 1238 1106; baseline 0.004 -17"><span class='ocrx_word' id='word_1_49' title='bbox 206 1024 227 1091; x_wconf 82' lang='lat' dir='ltr'>f.</span> <span class='ocrx_word' id='word_1_50' title='bbox 250 1024 424 1089; x_wconf 72' lang='lat' dir='ltr'>ira-142</span> <span class='ocrx_word' id='word_1_51' title='bbox 443 1021 583 1088; x_wconf 87' lang='lat' dir='ltr'>Ausonii</span> <span class='ocrx_word' id='word_1_52' title='bbox 602 1022 772 1106; x_wconf 90' lang='lat' dir='ltr'>opuscula:</span> <span class='ocrx_word' id='word_1_53' title='bbox 801 1031 900 1101; x_wconf 82' lang='lat' dir='ltr'>„Quod</span> <span class='ocrx_word' id='word_1_54' title='bbox 919 1037 1099 1104; x_wconf 85' lang='lat' dir='ltr'>compertum</span> <span class='ocrx_word' id='word_1_55' title='bbox 1119 1041 1162 1093; x_wconf 84' lang='lat' dir='ltr'>est</span> <span class='ocrx_word' id='word_1_56' title='bbox 1237 1009 1238 1055; x_wconf 56' lang='lat' dir='ltr'>l</span> 
     </span>
     <span class='ocr_line' id='line_1_10' title="bbox 139 1111 1162 1196; baseline 0.004 -18"><span class='ocrx_word' id='word_1_57' title='bbox 139 1139 173 1178; x_wconf 86' lang='lat' dir='ltr'>ex</span> <span class='ocrx_word' id='word_1_58' title='bbox 191 1123 264 1178; x_wconf 88' lang='lat' dir='ltr'>libro</span> <span class='ocrx_word' id='word_1_59' title='bbox 283 1121 381 1194; x_wconf 83' lang='lat' dir='ltr'>Magni</span> <span class='ocrx_word' id='word_1_60' title='bbox 395 1119 512 1176; x_wconf 87' lang='lat' dir='ltr'>Ausonii</span> <span class='ocrx_word' id='word_1_61' title='bbox 529 1123 613 1191; x_wconf 82' lang='lat' dir='ltr'>poete</span> <span class='ocrx_word' id='word_1_62' title='bbox 627 1115 779 1189; x_wconf 57' lang='lat' dir='ltr'>sequitur&amp;</span> <span class='ocrx_word' id='word_1_63' title='bbox 809 1115 906 1196; x_wconf 89' lang='lat' dir='ltr'>atque</span> <span class='ocrx_word' id='word_1_64' title='bbox 924 1111 946 1178; x_wconf 84' lang='lat' dir='ltr'>f.</span> <span class='ocrx_word' id='word_1_65' title='bbox 964 1114 1026 1179; x_wconf 83' lang='lat'>141</span> <span class='ocrx_word' id='word_1_66' title='bbox 1047 1115 1162 1183; x_wconf 84' lang='lat' dir='ltr'>finitur</span> 
     </span>
     <span class='ocr_line' id='line_1_11' title="bbox 139 1195 1238 1290; baseline 0.005 -24"><span class='ocrx_word' id='word_1_67' title='bbox 139 1200 404 1286; x_wconf 83' lang='lat' dir='ltr'>Technopaegnii</span> <span class='ocrx_word' id='word_1_68' title='bbox 421 1224 451 1264; x_wconf 94' lang='lat' dir='ltr'>u.</span> <span class='ocrx_word' id='word_1_69' title='bbox 468 1201 530 1265; x_wconf 76' lang='lat'>107</span> <span class='ocrx_word' id='word_1_70' title='bbox 548 1198 621 1285; x_wconf 83' lang='grc' dir='ltr'>(ΧΠ,</span> <span class='ocrx_word' id='word_1_71' title='bbox 638 1195 678 1286; x_wconf 76' lang='grc'>7),</span> <span class='ocrx_word' id='word_1_72' title='bbox 696 1200 931 1266; x_wconf 85' lang='lat' dir='ltr'>interciderunt</span> <span class='ocrx_word' id='word_1_73' title='bbox 947 1207 1056 1268; x_wconf 89' lang='lat' dir='ltr'>cetera</span> <span class='ocrx_word' id='word_1_74' title='bbox 1077 1227 1162 1290; x_wconf 89' lang='lat' dir='ltr'>quae</span> <span class='ocrx_word' id='word_1_75' title='bbox 1237 1217 1238 1252; x_wconf 52' lang='lat' dir='ltr'>r</span> 
     </span>
     <span class='ocr_line' id='line_1_12' title="bbox 139 1253 1238 1379; baseline 0.005 -24"><span class='ocrx_word' id='word_1_76' title='bbox 139 1292 173 1355; x_wconf 93' lang='lat' dir='ltr'>in</span> <span class='ocrx_word' id='word_1_77' title='bbox 196 1291 229 1355; x_wconf 88' lang='grc' dir='ltr'><em>Ζ</em></span> <span class='ocrx_word' id='word_1_78' title='bbox 248 1291 415 1375; x_wconf 81' lang='lat' dir='ltr'>leguntur3</span> <span class='ocrx_word' id='word_1_79' title='bbox 442 1311 542 1353; x_wconf 94' lang='lat' dir='ltr'>unum</span> <span class='ocrx_word' id='word_1_80' title='bbox 565 1289 689 1353; x_wconf 87' lang='lat' dir='ltr'>restitit</span> <span class='ocrx_word' id='word_1_81' title='bbox 711 1290 863 1356; x_wconf 88' lang='lat' dir='ltr'>ultimum</span> <span class='ocrx_word' id='word_1_82' title='bbox 886 1290 1001 1356; x_wconf 90' lang='lat' dir='ltr'>folium</span> <span class='ocrx_word' id='word_1_83' title='bbox 1025 1293 1101 1379; x_wconf 81' lang='lat'>142,</span> <span class='ocrx_word' id='word_1_84' title='bbox 1127 1295 1162 1359; x_wconf 92' lang='lat' dir='ltr'>in</span> <span class='ocrx_word' id='word_1_85' title='bbox 1237 1253 1238 1348; x_wconf 81' lang='lat' dir='ltr'>l</span> 
     </span>
     <span class='ocr_line' id='line_1_13' title="bbox 140 1377 1162 1464; baseline 0.005 -20"><span class='ocrx_word' id='word_1_86' title='bbox 140 1401 202 1464; x_wconf 92' lang='lat' dir='ltr'>quo</span> <span class='ocrx_word' id='word_1_87' title='bbox 221 1379 360 1444; x_wconf 89' lang='lat' dir='ltr'>habetur</span> <span class='ocrx_word' id='word_1_88' title='bbox 373 1377 506 1444; x_wconf 77' lang='lat' dir='ltr'>Bissula</span> <span class='ocrx_word' id='word_1_89' title='bbox 525 1378 647 1443; x_wconf 92' lang='lat' dir='ltr'>omisso</span> <span class='ocrx_word' id='word_1_90' title='bbox 665 1381 776 1442; x_wconf 89' lang='lat' dir='ltr'>tamen</span> <span class='ocrx_word' id='word_1_91' title='bbox 790 1379 906 1444; x_wconf 92' lang='lat' dir='ltr'>ultimo</span> <span class='ocrx_word' id='word_1_92' title='bbox 922 1379 1162 1464; x_wconf 83' lang='lat' dir='ltr'>epigrammate</span> 
     </span>
    </p>
   </div>
   <div class='ocr_carea' id='block_1_6' title="bbox 139 1465 1163 1802">
    <p class='ocr_par' dir='ltr' id='par_1_6' title="bbox 139 1465 1163 1624">
     <span class='ocr_line' id='line_1_14' title="bbox 140 1465 1163 1555; baseline 0 -22"><span class='ocrx_word' id='word_1_93' title='bbox 140 1465 202 1555; x_wconf 77' lang='lat' dir='ltr'>(VI,</span> <span class='ocrx_word' id='word_1_94' title='bbox 222 1465 296 1555; x_wconf 88' lang='lat'><strong>331).</strong></span> <span class='ocrx_word' id='word_1_95' title='bbox 338 1468 430 1533; x_wconf 62' lang='lat'>142³:</span> <span class='ocrx_word' id='word_1_96' title='bbox 464 1473 522 1542; x_wconf 86' lang='lat' dir='ltr'>„Dc</span> <span class='ocrx_word' id='word_1_97' title='bbox 546 1473 600 1528; x_wconf 93' lang='lat' dir='ltr'>hoc</span> <span class='ocrx_word' id='word_1_98' title='bbox 623 1489 708 1542; x_wconf 90' lang='lat' dir='ltr'>opere</span> <span class='ocrx_word' id='word_1_99' title='bbox 731 1475 863 1543; x_wconf 86' lang='lat' dir='ltr'>corrupto</span> <span class='ocrx_word' id='word_1_100' title='bbox 886 1475 918 1528; x_wconf 94' lang='lat' dir='ltr'>ut</span> <span class='ocrx_word' id='word_1_101' title='bbox 940 1475 1097 1543; x_wconf 90' lang='lat' dir='ltr'>plurimum</span> <span class='ocrx_word' id='word_1_102' title='bbox 1120 1478 1163 1533; x_wconf 90' lang='lat' dir='ltr'>nil</span> 
     </span>
     <span class='ocr_line' id='line_1_15' title="bbox 139 1551 908 1624; baseline -0.003 -16"><span class='ocrx_word' id='word_1_103' title='bbox 139 1554 257 1609; x_wconf 85' lang='lat' dir='ltr'>ulterius</span> <span class='ocrx_word' id='word_1_104' title='bbox 276 1555 367 1624; x_wconf 87' lang='lat' dir='ltr'>reperi</span> <span class='ocrx_word' id='word_1_105' title='bbox 386 1551 507 1622; x_wconf 83' lang='lat' dir='ltr'>(repperi</span> <span class='ocrx_word' id='word_1_106' title='bbox 524 1551 584 1621; x_wconf 79' lang='lat' dir='ltr'>m.¹)</span> <span class='ocrx_word' id='word_1_107' title='bbox 604 1554 633 1606; x_wconf 87' lang='lat' dir='ltr'>et</span> <span class='ocrx_word' id='word_1_108' title='bbox 650 1551 714 1607; x_wconf 87' lang='lat' dir='ltr'>ideo</span> <span class='ocrx_word' id='word_1_109' title='bbox 733 1551 908 1622; x_wconf 85' lang='lat' dir='ltr'>explicit.“*)</span> 
     </span>
    </p>

    <p class='ocr_par' dir='ltr' id='par_1_7' title="bbox 140 1625 1162 1802">
     <span class='ocr_line' id='line_1_16' title="bbox 207 1625 1162 1718; baseline 0.006 -26"><span class='ocrx_word' id='word_1_110' title='bbox 207 1628 318 1694; x_wconf 89' lang='lat' dir='ltr'>Verba</span> <span class='ocrx_word' id='word_1_111' title='bbox 342 1627 466 1692; x_wconf 84' lang='lat' dir='ltr'>Graeca</span> <span class='ocrx_word' id='word_1_112' title='bbox 489 1627 524 1691; x_wconf 95' lang='lat' dir='ltr'>in</span> <span class='ocrx_word' id='word_1_113' title='bbox 548 1625 595 1690; x_wconf 84' lang='lat' dir='ltr'>M</span> <span class='ocrx_word' id='word_1_114' title='bbox 611 1626 764 1711; x_wconf 89' lang='lat' dir='ltr'>leguntur</span> <span class='ocrx_word' id='word_1_115' title='bbox 787 1627 911 1712; x_wconf 81' lang='lat' dir='ltr'>omnia3</span> <span class='ocrx_word' id='word_1_116' title='bbox 942 1627 1033 1694; x_wconf 88' lang='lat' dir='ltr'>deest</span> <span class='ocrx_word' id='word_1_117' title='bbox 1057 1633 1162 1718; x_wconf 82' lang='lat' dir='ltr'>epigr.</span> 
     </span>
     <span class='ocr_line' id='line_1_17' title="bbox 140 1713 1162 1802; baseline 0.006 -21"><span class='ocrx_word' id='word_1_118' title='bbox 140 1718 181 1781; x_wconf 87' lang='lat'>91</span> <span class='ocrx_word' id='word_1_119' title='bbox 204 1713 285 1802; x_wconf 85' lang='lat'>(80).</span> <span class='ocrx_word' id='word_1_120' title='bbox 322 1716 419 1780; x_wconf 91' lang='lat' dir='ltr'>huius</span> <span class='ocrx_word' id='word_1_121' title='bbox 447 1714 566 1780; x_wconf 86' lang='lat' dir='ltr'>codicis</span> <span class='ocrx_word' id='word_1_122' title='bbox 595 1715 752 1780; x_wconf 87' lang='lat' dir='ltr'>lectiones</span> <span class='ocrx_word' id='word_1_123' title='bbox 780 1737 819 1780; x_wconf 85' lang='lat' dir='ltr'>ex</span> <span class='ocrx_word' id='word_1_124' title='bbox 846 1721 1008 1802; x_wconf 88' lang='lat' dir='ltr'>apparatu</span> <span class='ocrx_word' id='word_1_125' title='bbox 1038 1718 1162 1786; x_wconf 83' lang='lat' dir='ltr'>Schen-</span> 
     </span>
    </p>
   </div>
   <div class='ocr_carea' id='block_1_7' title="bbox 139 1805 575 1889">
    <p class='ocr_par' dir='ltr' id='par_1_8' title="bbox 139 1805 575 1889">
     <span class='ocr_line' id='line_1_18' title="bbox 139 1805 575 1889; baseline 0 -21"><span class='ocrx_word' id='word_1_126' title='bbox 139 1805 268 1870; x_wconf 88' lang='lat' dir='ltr'>keliano</span> <span class='ocrx_word' id='word_1_127' title='bbox 293 1805 488 1889; x_wconf 88' lang='lat' dir='ltr'>deprompsi.</span> <span class='ocrx_word' id='word_1_128' title='bbox 573 1833 575 1837; x_wconf 94' lang='lat'>·</span> 
     </span>
    </p>
   </div>
   <div class='ocr_carea' id='block_1_8' title="bbox 104 1909 1162 2615">
    <p class='ocr_par' dir='ltr' id='par_1_9' title="bbox 139 1909 1162 2172">
     <span class='ocr_line' id='line_1_19' title="bbox 205 1909 1162 1998; baseline 0.009 -24"><span class='ocrx_word' id='word_1_129' title='bbox 205 1909 349 1995; x_wconf 88' lang='lat' dir='ltr'>Iactura,</span> <span class='ocrx_word' id='word_1_130' title='bbox 377 1932 474 1994; x_wconf 91' lang='lat' dir='ltr'>quam</span> <span class='ocrx_word' id='word_1_131' title='bbox 498 1909 545 1974; x_wconf 82' lang='lat' dir='ltr'>M</span> <span class='ocrx_word' id='word_1_132' title='bbox 560 1909 656 1996; x_wconf 87' lang='lat' dir='ltr'>feeit,</span> <span class='ocrx_word' id='word_1_133' title='bbox 684 1910 793 1995; x_wconf 90' lang='lat' dir='ltr'>aliquo</span> <span class='ocrx_word' id='word_1_134' title='bbox 817 1912 914 1977; x_wconf 93' lang='lat' dir='ltr'>modo</span> <span class='ocrx_word' id='word_1_135' title='bbox 938 1921 1162 1998; x_wconf 79' lang='lat' dir='ltr'>compensatur</span> 
     </span>
     <span class='ocr_line' id='line_1_20' title="bbox 140 1998 1162 2088; baseline 0.008 -25"><span class='ocrx_word' id='word_1_136' title='bbox 140 1998 342 2084; x_wconf 86' lang='lat' dir='ltr'>apographo,</span> <span class='ocrx_word' id='word_1_137' title='bbox 379 1998 480 2088; x_wconf 85' lang='lat' dir='ltr'>quod,</span> <span class='ocrx_word' id='word_1_138' title='bbox 517 2021 590 2064; x_wconf 90' lang='lat' dir='ltr'>cum</span> <span class='ocrx_word' id='word_1_139' title='bbox 620 2000 748 2084; x_wconf 84' lang='lat' dir='ltr'>integer</span> <span class='ocrx_word' id='word_1_140' title='bbox 780 2004 851 2065; x_wconf 88' lang='lat' dir='ltr'>erat</span> <span class='ocrx_word' id='word_1_141' title='bbox 887 2001 984 2088; x_wconf 80' lang='lat' dir='ltr'>liber,</span> <span class='ocrx_word' id='word_1_142' title='bbox 1017 2005 1162 2071; x_wconf 82' lang='lat' dir='ltr'>confecit</span> 
     </span>
     <span class='ocr_line' id='line_1_21' title="bbox 139 2086 1161 2172; baseline 0.008 -20"><span class='ocrx_word' id='word_1_143' title='bbox 139 2086 318 2153; x_wconf 70' lang='lat' dir='ltr'>Alexander</span> <span class='ocrx_word' id='word_1_144' title='bbox 341 2088 471 2172; x_wconf 89' lang='lat' dir='ltr'>quidam</span> <span class='ocrx_word' id='word_1_145' title='bbox 491 2088 688 2154; x_wconf 68' lang='lat' dir='ltr'>Verrucosus</span> <span class='ocrx_word' id='word_1_146' title='bbox 711 2111 739 2152; x_wconf 88' lang='lat' dir='ltr'>a.</span> <span class='ocrx_word' id='word_1_147' title='bbox 759 2090 855 2155; x_wconf 86' lang='lat'>1490.</span> <span class='ocrx_word' id='word_1_148' title='bbox 893 2090 921 2154; x_wconf 89' lang='lat' dir='ltr'>is</span> <span class='ocrx_word' id='word_1_149' title='bbox 946 2094 997 2155; x_wconf 90' lang='lat' dir='ltr'>est</span> <span class='ocrx_word' id='word_1_150' title='bbox 1015 2093 1161 2160; x_wconf 82' lang='lat' dir='ltr'>Lauren·</span> 
     </span>
    </p>

    <p class='ocr_par' dir='ltr' id='par_1_10' title="bbox 104 2177 1162 2615">
     <span class='ocr_line' id='line_1_22' title="bbox 104 2177 1161 2263; baseline 0.004 -19"><span class='ocrx_word' id='word_1_151' title='bbox 104 2178 245 2246; x_wconf 74' lang='lat' dir='ltr'>attacus</span> <span class='ocrx_word' id='word_1_152' title='bbox 263 2178 308 2258; x_wconf 82' lang='lat' dir='ltr'>pi.</span> <span class='ocrx_word' id='word_1_153' title='bbox 326 2177 381 2242; x_wconf 87' lang='lat' dir='ltr'>LI</span> <span class='ocrx_word' id='word_1_154' title='bbox 394 2197 417 2242; x_wconf 82' lang='lat' dir='ltr'>e.</span> <span class='ocrx_word' id='word_1_155' title='bbox 431 2177 532 2240; x_wconf 83' lang='lat' dir='ltr'><strong><em>XIII</em></strong></span> <span class='ocrx_word' id='word_1_156' title='bbox 552 2177 696 2261; x_wconf 76' lang='lat' dir='ltr'>membr,</span> <span class='ocrx_word' id='word_1_157' title='bbox 718 2179 752 2242; x_wconf 91' lang='lat' dir='ltr'>in</span> <span class='ocrx_word' id='word_1_158' title='bbox 776 2200 840 2263; x_wconf 94' lang='lat' dir='ltr'>quo</span> <span class='ocrx_word' id='word_1_159' title='bbox 863 2182 939 2262; x_wconf 89' lang='lat' dir='ltr'>post</span> <span class='ocrx_word' id='word_1_160' title='bbox 957 2178 1161 2248; x_wconf 84' lang='lat' dir='ltr'>Martiarum</span> 
     </span>
     <span class='ocr_line' id='line_1_23' title="bbox 140 2264 1160 2350; baseline 0.005 -18"><span class='ocrx_word' id='word_1_161' title='bbox 140 2264 307 2350; x_wconf 79' lang='lat' dir='ltr'>Capellam</span> <span class='ocrx_word' id='word_1_162' title='bbox 341 2265 526 2330; x_wconf 87' lang='lat' dir='ltr'>continetur</span> <span class='ocrx_word' id='word_1_163' title='bbox 552 2266 573 2330; x_wconf 90' lang='lat' dir='ltr'>f.</span> <span class='ocrx_word' id='word_1_164' title='bbox 600 2266 660 2331; x_wconf 86' lang='lat'>151</span> <span class='ocrx_word' id='word_1_165' title='bbox 696 2265 835 2331; x_wconf 89' lang='lat' dir='ltr'>Ausonii</span> <span class='ocrx_word' id='word_1_166' title='bbox 862 2265 1001 2332; x_wconf 88' lang='lat' dir='ltr'>Mosella</span> <span class='ocrx_word' id='word_1_167' title='bbox 1035 2272 1160 2338; x_wconf 85' lang='lat' dir='ltr'>omisso</span> 
     </span>
     <span class='ocr_line' id='line_1_24' title="bbox 140 2355 1162 2434; baseline 0.01 -25"><span class='ocrx_word' id='word_1_168' title='bbox 140 2355 256 2419; x_wconf 84' lang='lat' dir='ltr'>ultimo</span> <span class='ocrx_word' id='word_1_169' title='bbox 276 2375 386 2419; x_wconf 85' lang='lat' dir='ltr'>uersu:</span> <span class='ocrx_word' id='word_1_170' title='bbox 405 2356 527 2429; x_wconf 89' lang='lat' dir='ltr'>„lnoipit</span> <span class='ocrx_word' id='word_1_171' title='bbox 544 2361 734 2430; x_wconf 84' lang='lat' dir='ltr'>fragmentum</span> <span class='ocrx_word' id='word_1_172' title='bbox 752 2359 871 2416; x_wconf 88' lang='lat' dir='ltr'>Ausonii</span> <span class='ocrx_word' id='word_1_173' title='bbox 893 2365 1013 2432; x_wconf 84' lang='lat' dir='ltr'>poetae“</span> <span class='ocrx_word' id='word_1_174' title='bbox 1032 2393 1067 2404; x_wconf 95' lang='lat'>—</span> <span class='ocrx_word' id='word_1_175' title='bbox 1087 2365 1162 2434; x_wconf 83' lang='lat' dir='ltr'><strong>„Ex-</strong></span> 
     </span>
     <span class='ocr_line' id='line_1_25' title="bbox 139 2443 1162 2530; baseline 0.011 -28"><span class='ocrx_word' id='word_1_176' title='bbox 139 2448 223 2518; x_wconf 83' lang='lat' dir='ltr'>plicit</span> <span class='ocrx_word' id='word_1_177' title='bbox 235 2443 374 2518; x_wconf 80' lang='lat' dir='ltr'>Moysella</span> <span class='ocrx_word' id='word_1_178' title='bbox 392 2448 537 2504; x_wconf 84' lang='lat' dir='ltr'>Ausonii“.</span> <span class='ocrx_word' id='word_1_179' title='bbox 565 2450 597 2508; x_wconf 90' lang='lat' dir='ltr'>et</span> <span class='ocrx_word' id='word_1_180' title='bbox 616 2443 725 2508; x_wconf 86' lang='lat' dir='ltr'>addita</span> <span class='ocrx_word' id='word_1_181' title='bbox 740 2447 790 2509; x_wconf 92' lang='lat' dir='ltr'>est</span> <span class='ocrx_word' id='word_1_182' title='bbox 804 2445 945 2528; x_wconf 90' lang='lat' dir='ltr'>epistula</span> <span class='ocrx_word' id='word_1_183' title='bbox 959 2443 1162 2530; x_wconf 83' lang='lat' dir='ltr'>Symmachi,</span> 
     </span>
     <span class='ocr_line' id='line_1_26' title="bbox 139 2529 1161 2615; baseline 0.007 -20"><span class='ocrx_word' id='word_1_184' title='bbox 139 2535 333 2615; x_wconf 87' lang='lat' dir='ltr'>postquam</span> <span class='ocrx_word' id='word_1_185' title='bbox 353 2535 533 2615; x_wconf 91' lang='lat' dir='ltr'>sequuntur</span> <span class='ocrx_word' id='word_1_186' title='bbox 552 2529 707 2597; x_wconf 80' lang='lat' dir='ltr'>Caesares</span> <span class='ocrx_word' id='word_1_187' title='bbox 728 2536 866 2599; x_wconf 87' lang='lat' dir='ltr'>monost.</span> <span class='ocrx_word' id='word_1_188' title='bbox 885 2537 919 2598; x_wconf 92' lang='lat' dir='ltr'>et</span> <span class='ocrx_word' id='word_1_189' title='bbox 941 2537 1069 2600; x_wconf 90' lang='lat' dir='ltr'>tetrast.</span> <span class='ocrx_word' id='word_1_190' title='bbox 1096 2538 1161 2602; x_wconf 94' lang='lat'>1-</span> 
     </span>
    </p>
   </div>
   <div class='ocr_carea' id='block_1_9' title="bbox 139 2619 1238 2856">
    <p class='ocr_par' dir='ltr' id='par_1_11' title="bbox 139 2619 1238 2856">
     <span class='ocr_line' id='line_1_27' title="bbox 141 2619 1161 2704; baseline -0.001 -19"><span class='ocrx_word' id='word_1_191' title='bbox 141 2621 192 2685; x_wconf 86' lang='lat'>80.</span> <span class='ocrx_word' id='word_1_192' title='bbox 218 2620 354 2703; x_wconf 93' lang='lat' dir='ltr'>denique</span> <span class='ocrx_word' id='word_1_193' title='bbox 365 2619 504 2686; x_wconf 85' lang='lat' dir='ltr'>Ausonii</span> <span class='ocrx_word' id='word_1_194' title='bbox 519 2623 683 2704; x_wconf 87' lang='lat' dir='ltr'>opuscula.</span> <span class='ocrx_word' id='word_1_195' title='bbox 703 2623 838 2687; x_wconf 77' lang='lat' dir='ltr'>subscr:</span> <span class='ocrx_word' id='word_1_196' title='bbox 857 2629 917 2697; x_wconf 86' lang='lat' dir='ltr'>„De</span> <span class='ocrx_word' id='word_1_197' title='bbox 931 2629 986 2684; x_wconf 85' lang='lat' dir='ltr'>hoe</span> <span class='ocrx_word' id='word_1_198' title='bbox 999 2646 1085 2698; x_wconf 87' lang='lat' dir='ltr'>opere</span> <span class='ocrx_word' id='word_1_199' title='bbox 1100 2647 1161 2687; x_wconf 87' lang='lat' dir='ltr'>cor-</span> 
     </span>
     <span class='ocr_line' id='line_1_28' title="bbox 140 2705 1238 2778; baseline 0.005 -18"><span class='ocrx_word' id='word_1_200' title='bbox 140 2706 224 2775; x_wconf 87' lang='lat' dir='ltr'>rupto</span> <span class='ocrx_word' id='word_1_201' title='bbox 234 2705 429 2776; x_wconf 90' lang='lat' dir='ltr'>utplurimum</span> <span class='ocrx_word' id='word_1_202' title='bbox 438 2707 480 2760; x_wconf 90' lang='lat' dir='ltr'>nil</span> <span class='ocrx_word' id='word_1_203' title='bbox 490 2707 605 2762; x_wconf 85' lang='lat' dir='ltr'>alterius</span> <span class='ocrx_word' id='word_1_204' title='bbox 615 2708 726 2777; x_wconf 90' lang='lat' dir='ltr'>repperi</span> <span class='ocrx_word' id='word_1_205' title='bbox 738 2709 768 2763; x_wconf 90' lang='lat' dir='ltr'>et</span> <span class='ocrx_word' id='word_1_206' title='bbox 780 2708 844 2763; x_wconf 88' lang='lat' dir='ltr'>ideo</span> <span class='ocrx_word' id='word_1_207' title='bbox 855 2707 978 2777; x_wconf 87' lang='lat' dir='ltr'>explicit.</span> <span class='ocrx_word' id='word_1_208' title='bbox 998 2711 1161 2767; x_wconf 85' lang='lat' dir='ltr'>Alexander</span> <span class='ocrx_word' id='word_1_209' title='bbox 1237 2757 1238 2778; x_wconf 26' lang='lat' dir='ltr'>p</span> 
     </span>
     <span class='ocr_line' id='line_1_29' title="bbox 139 2783 1161 2856; baseline 0.011 -16"><span class='ocrx_word' id='word_1_210' title='bbox 139 2785 315 2841; x_wconf 82' lang='lat' dir='ltr'>Verrazanus</span> <span class='ocrx_word' id='word_1_211' title='bbox 335 2786 466 2856; x_wconf 81' lang='lat' dir='ltr'>ascripsit</span> <span class='ocrx_word' id='word_1_212' title='bbox 479 2786 752 2843; x_wconf 80' lang='lat' dir='ltr'>MCCCOLXXXX.“</span> <span class='ocrx_word' id='word_1_213' title='bbox 779 2784 880 2848; x_wconf 87' lang='lat' dir='ltr'>uerba</span> <span class='ocrx_word' id='word_1_214' title='bbox 894 2783 1018 2848; x_wconf 83' lang='lat' dir='ltr'>Graeca</span> <span class='ocrx_word' id='word_1_215' title='bbox 1038 2787 1161 2851; x_wconf 86' lang='lat' dir='ltr'>omissa</span> 
     </span>
    </p>
   </div>
   <div class='ocr_carea' id='block_1_10' title="bbox 96 2868 1238 3398">
    <p class='ocr_par' dir='ltr' id='par_1_12' title="bbox 141 2868 1161 2952">
     <span class='ocr_line' id='line_1_30' title="bbox 141 2868 1161 2952; baseline 0.006 -20"><span class='ocrx_word' id='word_1_216' title='bbox 141 2871 218 2933; x_wconf 92' lang='lat' dir='ltr'>sunt</span> <span class='ocrx_word' id='word_1_217' title='bbox 251 2869 365 2952; x_wconf 90' lang='lat' dir='ltr'>spatiis</span> <span class='ocrx_word' id='word_1_218' title='bbox 397 2868 565 2935; x_wconf 88' lang='lat' dir='ltr'>indicatis:</span> <span class='ocrx_word' id='word_1_219' title='bbox 598 2871 748 2936; x_wconf 85' lang='lat' dir='ltr'>ultimum</span> <span class='ocrx_word' id='word_1_220' title='bbox 780 2870 928 2936; x_wconf 86' lang='lat' dir='ltr'>Bissulae</span> <span class='ocrx_word' id='word_1_221' title='bbox 962 2894 1093 2940; x_wconf 88' lang='lat' dir='ltr'>carmen</span> <span class='ocrx_word' id='word_1_222' title='bbox 1126 2878 1161 2940; x_wconf 89' lang='lat' dir='ltr'>et</span> 
     </span>
    </p>

    <p class='ocr_par' dir='ltr' id='par_1_13' title="bbox 96 2956 1238 3186">
     <span class='ocr_line' id='line_1_31' title="bbox 141 2956 1238 3044; baseline 0.004 -22"><span class='ocrx_word' id='word_1_223' title='bbox 141 2956 242 3042; x_wconf 87' lang='lat' dir='ltr'>epigr.</span> <span class='ocrx_word' id='word_1_224' title='bbox 262 2958 303 3022; x_wconf 87' lang='lat'>91</span> <span class='ocrx_word' id='word_1_225' title='bbox 327 2957 381 3022; x_wconf 91' lang='lat' dir='ltr'>hic</span> <span class='ocrx_word' id='word_1_226' title='bbox 405 2980 531 3043; x_wconf 91' lang='lat' dir='ltr'>quoque</span> <span class='ocrx_word' id='word_1_227' title='bbox 555 2959 679 3024; x_wconf 92' lang='lat' dir='ltr'>desunt</span> <span class='ocrx_word' id='word_1_228' title='bbox 765 2999 768 3004; x_wconf 92' lang='lat'>·</span> <span class='ocrx_word' id='word_1_229' title='bbox 1237 3035 1238 3044; x_wconf 10' lang='grc' dir='ltr'>χ</span> 
     </span>
     <span class='ocr_line' id='line_1_32' title="bbox 96 3061 1159 3151; baseline 0.007 -24"><span class='ocrx_word' id='word_1_230' title='bbox 96 3079 122 3135; x_wconf 69' lang='grc' dir='ltr'><em>θ</em></span> <span class='ocrx_word' id='word_1_231' title='bbox 209 3061 336 3129; x_wconf 81' lang='lat' dir='ltr'>Codicis</span> <span class='ocrx_word' id='word_1_232' title='bbox 355 3065 427 3129; x_wconf 90' lang='lat' dir='ltr'>loco</span> <span class='ocrx_word' id='word_1_233' title='bbox 447 3066 730 3131; x_wconf 90' lang='lat' dir='ltr'>commemoranda</span> <span class='ocrx_word' id='word_1_234' title='bbox 749 3071 800 3132; x_wconf 91' lang='lat' dir='ltr'>est</span> <span class='ocrx_word' id='word_1_235' title='bbox 812 3069 903 3133; x_wconf 79' lang='lat' dir='ltr'>editio</span> <span class='ocrx_word' id='word_1_236' title='bbox 912 3068 1058 3151; x_wconf 78' lang='lat' dir='ltr'>princeps</span> <span class='ocrx_word' id='word_1_237' title='bbox 1072 3069 1159 3134; x_wconf 80' lang='lat' dir='ltr'>Bor·</span> 
     </span>
    </p>

    <p class='ocr_par' dir='ltr' id='par_1_14' title="bbox 141 3151 1160 3242">
     <span class='ocr_line' id='line_1_33' title="bbox 141 3151 1160 3242; baseline 0.005 -23"><span class='ocrx_word' id='word_1_238' title='bbox 141 3153 304 3228; x_wconf 79' lang='lat' dir='ltr'>tholomaei</span> <span class='ocrx_word' id='word_1_239' title='bbox 327 3151 509 3236; x_wconf 76' lang='lat' dir='ltr'>Girordiui,</span> <span class='ocrx_word' id='word_1_240' title='bbox 533 3176 614 3238; x_wconf 87' lang='lat' dir='ltr'>quae</span> <span class='ocrx_word' id='word_1_241' title='bbox 635 3152 783 3220; x_wconf 86' lang='lat' dir='ltr'>Venetiis</span> <span class='ocrx_word' id='word_1_242' title='bbox 807 3156 929 3240; x_wconf 90' lang='lat' dir='ltr'>prodiit</span> <span class='ocrx_word' id='word_1_243' title='bbox 951 3179 1036 3222; x_wconf 90' lang='lat' dir='ltr'>anno</span> <span class='ocrx_word' id='word_1_244' title='bbox 1062 3159 1160 3242; x_wconf 75' lang='lat'>1472,</span> 
     </span>
    </p>

    <p class='ocr_par' dir='ltr' id='par_1_15' title="bbox 142 3242 1159 3329">
     <span class='ocr_line' id='line_1_34' title="bbox 142 3242 1159 3329; baseline 0.006 -22"><span class='ocrx_word' id='word_1_245' title='bbox 142 3264 339 3327; x_wconf 90' lang='lat' dir='ltr'>quamquam</span> <span class='ocrx_word' id='word_1_246' title='bbox 367 3242 524 3308; x_wconf 89' lang='lat' dir='ltr'>conflatus</span> <span class='ocrx_word' id='word_1_247' title='bbox 553 3248 604 3307; x_wconf 87' lang='lat' dir='ltr'>est</span> <span class='ocrx_word' id='word_1_248' title='bbox 632 3248 802 3308; x_wconf 89' lang='lat' dir='ltr'>contextus</span> <span class='ocrx_word' id='word_1_249' title='bbox 829 3246 1038 3329; x_wconf 86' lang='lat' dir='ltr'>expluribus</span> <span class='ocrx_word' id='word_1_250' title='bbox 1063 3246 1159 3312; x_wconf 92' lang='lat' dir='ltr'>libris</span> 
     </span>
    </p>

    <p class='ocr_par' dir='ltr' id='par_1_16' title="bbox 141 3317 1238 3482">
     <span class='ocr_line' id='line_1_35' title="bbox 141 3330 1078 3398; baseline 0.003 -2"><span class='ocrx_word' id='word_1_251' title='bbox 141 3337 175 3396; x_wconf 93' lang='lat' dir='ltr'>et</span> <span class='ocrx_word' id='word_1_252' title='bbox 198 3333 294 3397; x_wconf 92' lang='lat' dir='ltr'>modo</span> <span class='ocrx_word' id='word_1_253' title='bbox 318 3354 392 3396; x_wconf 89' lang='lat' dir='ltr'>eum</span> <span class='ocrx_word' id='word_1_254' title='bbox 417 3330 566 3397; x_wconf 79' lang='lat' dir='ltr'>Tiaciat</span> <span class='ocrx_word' id='word_1_255' title='bbox 589 3332 686 3397; x_wconf 91' lang='lat' dir='ltr'>modo</span> <span class='ocrx_word' id='word_1_256' title='bbox 710 3354 783 3396; x_wconf 91' lang='lat' dir='ltr'>cum</span> <span class='ocrx_word' id='word_1_257' title='bbox 807 3333 861 3398; x_wconf 84' lang='lat' dir='ltr'>M:</span> <span class='ocrx_word' id='word_1_258' title='bbox 1073 3363 1078 3373; x_wconf 65' lang='lat'><em>¹</em></span> 
     </span>
    </p>
   </div>
   <div class='ocr_carea' id='block_1_11' title="bbox 140 3488 1160 3632">
    <p class='ocr_par' dir='ltr' id='par_1_17' title="bbox 140 3488 1160 3632">
     <span class='ocr_line' id='line_1_36' title="bbox 215 3488 1160 3560; baseline 0.006 -18"><span class='ocrx_word' id='word_1_259' title='bbox 215 3488 239 3558; x_wconf 70' lang='lat'>²⁸)</span> <span class='ocrx_word' id='word_1_260' title='bbox 259 3488 364 3543; x_wconf 86' lang='lat' dir='ltr'>adiecit</span> <span class='ocrx_word' id='word_1_261' title='bbox 382 3508 418 3543; x_wconf 91' lang='lat' dir='ltr'>m.</span> <span class='ocrx_word' id='word_1_262' title='bbox 439 3506 509 3544; x_wconf 86' lang='lat' dir='ltr'>saec.</span> <span class='ocrx_word' id='word_1_263' title='bbox 525 3489 591 3544; x_wconf 91' lang='lat' dir='ltr'>XVI</span> <span class='ocrx_word' id='word_1_264' title='bbox 609 3491 693 3544; x_wconf 83' lang='lat' dir='ltr'>haec:</span> <span class='ocrx_word' id='word_1_265' title='bbox 712 3488 807 3558; x_wconf 86' lang='lat' dir='ltr'>„Opus</span> <span class='ocrx_word' id='word_1_266' title='bbox 827 3493 991 3560; x_wconf 85' lang='lat' dir='ltr'>corruptum</span> <span class='ocrx_word' id='word_1_267' title='bbox 1011 3493 1055 3547; x_wconf 85' lang='lat' dir='ltr'>cst</span> <span class='ocrx_word' id='word_1_268' title='bbox 1069 3494 1100 3548; x_wconf 90' lang='lat' dir='ltr'>et</span> <span class='ocrx_word' id='word_1_269' title='bbox 1113 3493 1160 3548; x_wconf 91' lang='lat' dir='ltr'>de-</span> 
     </span>
     <span class='ocr_line' id='line_1_37' title="bbox 140 3560 965 3632; baseline 0.004 -18"><span class='ocrx_word' id='word_1_270' title='bbox 140 3562 206 3614; x_wconf 89' lang='lat' dir='ltr'>sunt</span> <span class='ocrx_word' id='word_1_271' title='bbox 224 3560 315 3616; x_wconf 89' lang='lat' dir='ltr'>multa</span> <span class='ocrx_word' id='word_1_272' title='bbox 331 3560 491 3630; x_wconf 76' lang='lat' dir='ltr'>fragmenta</span> <span class='ocrx_word' id='word_1_273' title='bbox 512 3565 879 3632; x_wconf 77' lang='grc' dir='ltr'><strong><em>Τεμεισφαρεμπατηκωσμε</em></strong></span> <span class='ocrx_word' id='word_1_274' title='bbox 895 3603 901 3616; x_wconf 94' lang='grc'><strong><em>.</em></strong></span> <span class='ocrx_word' id='word_1_275' title='bbox 917 3602 923 3616; x_wconf 92' lang='grc'><strong>.</strong></span> <span class='ocrx_word' id='word_1_276' title='bbox 940 3564 965 3616; x_wconf 87' lang='grc'>.“</span> 
     </span>
    </p>
   </div>
   <div class='ocr_carea' id='block_1_12' title="bbox 0 0 1265 3954">
    <p class='ocr_par' dir='ltr' id='par_1_18' title="bbox 0 0 1265 3954">
     <span class='ocr_line' id='line_1_38' title="bbox 0 0 1265 3954; baseline 0 0"><span class='ocrx_word' id='word_1_277' title='bbox 0 0 1265 3954; x_wconf 95' lang='lat' dir='ltr'> </span> 
     </span>
    </p>
   </div>
   <div class='ocr_carea' id='block_1_13' title="bbox 292 3866 755 3926">
    <p class='ocr_par' dir='ltr' id='par_1_19' title="bbox 292 3866 755 3926">
     <span class='ocr_line' id='line_1_39' title="bbox 292 3866 755 3926; baseline 0 0"><span class='ocrx_word' id='word_1_278' title='bbox 292 3866 755 3926; x_wconf 60' lang='grc' dir='ltr'><strong>μ</strong></span> 
     </span>
    </p>
   </div>
  </div>
 </body>
</html>
