2516 3954
451 196 489 206 -
537 177 697 228 LXXXVIII
743 195 785 206 ··

179 319 342 386 Iodocus
375 319 588 386 Ascensius
622 317 657 382 in
690 319 874 385 adornanda
903 322 948 385 ed.
977 320 1135 387 Parisino

113 433 143 476 a.
162 412 241 476 1511
260 408 488 494 Hieronymi
506 406 695 472 Alcandri
713 408 845 494 egregia
864 429 963 493 opera
981 432 1060 475 usus
1081 414 1136 476 est

115 500 245 584 eiusque
261 498 412 584 discipuli
424 494 943 583 MichaelisHumclbergi(s
955 497 1136 585 Homedei)

114 588 426 672 Rauenspurgensis
459 609 478 650 a
478 589 555 671 quc
574 583 764 650 Alcandcr
754 608 789 650 ιιι
807 585 945 651 Mosella
960 586 1136 673 Rosisque,

116 676 202 830 qupd
222 697 352 850 oap’men
370 676 494 828 pripnus
508 673 698 739 Ausoniano
690 676 857 827 ,ctorpori
856 675 906 739 int
892 675 979 760 tulit,
970 680 1135 829 ,ιιιιιιιεὲο

116 787 225 831 co1ce
291 786 386 848 quem
434 784 544 846 amen,
574 763 602 828 si
636 762 814 846 scripuras
847 786 882 828 1n
914 787 1058 830 carmrne
1116 787 1136 830 e

115 854 253 920 Rosis
244 853 437 939 mspexeris,
469 873 573 936 neque
603 851 651 916 ita
678 852 848 935 antiquum
875 875 980 938 neque
1007 854 1137 920 bonum

116 943 217 1008 fuisse
244 942 340 1009 facile
368 939 570 1026 intellcgcs“,
597 943 635 1006 ut
658 940 704 1004 ait
728 939 869 1006 Schenkl
891 964 922 1025 p
943 940 1069 1028 XXXI)
1094 965 1137 1007 ex

113 1031 217 1098 biblio
219 1032 314 1098 theca
325 1031 393 1096 diui
402 1030 479 1096 Vict
464 1031 545 1094 toris
561 1029 738 1094 Parisiensi
751 1053 847 1096 usum
862 1051 896 1094 se
910 1031 1109 1114 profitetur
1099 1055 1137 1096 m

116 1121 231 1186 scediis
251 1142 348 1205 supra
366 1143 397 1204 p.
411 1117 571 1183 XXVIIII
589 1120 850 1201 conmemoratis,
868 1120 958 1184 cuius
976 1120 1137 1185 lectiones

117 1210 151 1274 in
175 1208 312 1275 Mosella
334 1230 407 1273 cnm
427 1205 600 1272 SGallensi
623 1207 708 1271 libro
732 1207 907 1272 concinunt
931 1205 1010 1295 (qua
1035 1210 1074 1274 de
1099 1231 1136 1274 re

115 1299 180 1363 uid.
192 1320 291 1380 supra
302 1320 332 1380 p.
343 1295 446 1382 LHI).
469 1299 611 1360 ceterum
621 1294 814 1361 Ausoniana
824 1302 976 1379 poemata
986 1298 1137 1382 priorum

120 1387 281 1452 editorum
302 1385 415 1450 ordine
434 1384 560 1449 abiecto
580 1385 719 1468 quinque
739 1384 938 1450 sectionibus
958 1386 1135 1471 discripsit.

118 1476 259 1560 repetita
287 1478 338 1538 est
363 1475 444 1539 hacc
468 1473 567 1538 editio
591 1473 729 1538 Parisiis
750 1495 780 1538 a.
798 1476 880 1539 1513
904 1479 933 1538 et
949 1480 1033 1540 1517
1056 1498 1136 1560 pau·

117 1565 163 1630 cis
192 1567 321 1628 tantum
349 1561 498 1645 mutatis,
527 1561 700 1646 eademque
728 1562 763 1626 ni
791 1561 888 1626 fallor
915 1567 1047 1646 praesto
1072 1563 1137 1630 fuit
1241 1633 1242 1654 ,

118 1653 316 1718 Richardo
331 1649 452 1716 Groco
466 1649 588 1736 Anglo,
604 1672 676 1715 cum
689 1651 817 1734 lapscbe
830 1651 1013 1735 publicaret
1027 1654 1137 1718 Auso·
1241 1667 1242 1672 ’

120 1742 211 1806 nium
234 1762 263 1805 a.
287 1742 376 1805 1515.
1242 1801 1243 1808 ,

185 1829 368 1894 Florentiae
404 1832 535 1913 sumptu
572 1826 750 1913 Philippi
785 1827 925 1894 Iuntae
960 1830 1046 1894 1517
1084 1828 1136 1894 die

119 1917 181 1984 XX
199 1917 267 1983 Mai
286 1916 425 1982 Ausonii
449 1916 594 1982 carmina
617 1917 704 1981 edita
728 1917 800 2000 quis
820 1918 984 1982 curauerit
1002 1917 1135 2002 quibus-

120 2029 181 2092 que
210 2006 340 2072 auxiliis
364 2006 508 2088 adiutus,
530 2027 599 2070 non
622 2007 774 2089 comperi.
819 2028 891 2070 cum
914 2005 1037 2072 Aldina
1061 2029 1136 2072 con·

120 2118 233 2161 sensus
251 2119 317 2160 non
336 2100 394 2178 est,
418 2095 446 2160 si
465 2094 638 2160 Mosellam
658 2095 831 2178 exceperis,
850 2095 890 2159 ad
911 2117 1007 2179 quem
1026 2116 1136 2160 emcn-

119 2185 261 2250 dandum
289 2186 323 2248 in
349 2189 487 2269 utraque
514 2183 596 2247 idem
624 2183 724 2248 codex
752 2185 805 2248 uel
833 2184 976 2248 eiusdem
1004 2184 1136 2269 codicis,

120 2275 175 2358 qui
194 2274 311 2338 similis
331 2277 402 2337 erat
419 2272 678 2358 Rhenaugiensis
693 2271 779 2356 libri,
798 2270 988 2358 apographa
1001 2277 1137 2358 praesto

119 2363 221 2428 fuisse
250 2362 415 2444 uidentur,
442 2361 507 2425 nisi
534 2361 619 2426 forte
643 2361 805 2426 Auantius
834 2362 942 2444 ipsum
964 2360 1135 2426 Iuntinnm

120 2451 287 2535 exemplar
310 2449 468 2531 adhibuit,
491 2471 574 2533 qnae
597 2455 709 2514 tamen
727 2447 910 2516 Schenkelii
933 2449 1045 2534 opinio
1069 2472 1136 2517 non

123 2542 240 2606 certior
263 2542 313 2603 est
336 2561 433 2624 quam
456 2544 577 2603 nostra.

186 2627 382 2692 Auentius
406 2627 491 2691 enim
516 2627 651 2691 tertium
674 2625 775 2691 edidit
797 2626 981 2692 Ausonium
1004 2648 1033 2691 a.
1053 2631 1138 2693 1517

121 2738 231 2781 mense
254 2714 437 2780 Nouembri
466 2715 599 2781 Vecctiis
625 2716 660 2780 in
684 2715 817 2780 aedibus
840 2717 918 2782 Atdc'
940 2722 969 2781 ct
991 2716 1138 2782 Andreae

120 2807 216 2871 soceri
244 2808 371 2869 retento
401 2804 530 2888 quidem
557 2804 668 2869 ordine
697 2826 749 2886 eo,
777 2826 873 2888 quem
902 2805 972 2888 ipse
996 2827 1023 2870 a.
1050 2805 1136 2869 1507

123 2894 325 2975 instituerat,
357 2893 413 2958 sed
446 2893 486 2958 ad
519 2893 684 2976 exemplar
711 2897 823 2958 tamen
848 2915 914 2959 non
941 2915 1050 2976 suum,
1081 2893 1138 2958 sed

123 2981 368 3068 Vgoletianum,
389 2982 437 3046 ita
459 2986 497 3047 ut
515 3003 641 3046 errores
660 2981 753 3046 annis
774 2982 860 3047 1496
880 2985 913 3047 et
933 2981 1018 3047 1507
1038 2983 1138 3047 casti-

123 3072 193 3157 gati
220 3071 256 3135 in
279 3070 399 3134 Aldina
427 3071 520 3154 quasi
543 3071 786 3155 repullularent.
832 3071 927 3136 nouis
950 3074 1060 3135 tamen
1085 3093 1137 3135 co·

124 3161 247 3226 dicibus
263 3181 337 3224 eum
351 3181 447 3223 usum
461 3181 532 3224 csse
547 3180 586 3223 ex
595 3160 706 3224 multis
716 3159 910 3225 lectionibus
921 3160 1139 3244 cognoscitur,

125 3255 158 3315 et
181 3271 254 3314 cum
277 3250 311 3313 in
333 3247 484 3330 Mosella,
511 3247 596 3333 quod
620 3269 749 3313 carmen
771 3249 903 3334 plenum
927 3247 1071 3332 exhibet,
1096 3249 1137 3314 ab

125 3337 261 3423 Vgoleti
284 3340 375 3402 textu
397 3336 544 3401 recedere
568 3358 642 3401 eum
665 3337 834 3402 uideamus
856 3359 917 3402 nec
939 3341 1048 3401 tamen
1069 3359 1139 3404 am-

126 3428 226 3513 plecti
253 3425 490 3492 Ascensianum
524 3425 699 3509 exemplar,
732 3427 822 3492 cuius
850 3446 982 3510 prorsus
1010 3426 1139 3492 nnllam

124 3517 276 3584 notitiam
299 3515 453 3580 habuisse
472 3514 609 3598 uidetur,
633 3513 776 3578 codicem
796 3515 894 3601 plane
912 3515 1078 3580 diuersum
1096 3515 1139 3580 ab
