2466 3958
485 207 519 219 ·-
569 189 671 238 XVIIII
721 207 757 220 ·-

111 335 232 414 noster‚
255 330 452 415 singularem
471 353 604 415 operam
623 333 678 416 qui
696 333 730 396 in
749 353 786 397 eo
802 333 950 398 conlocet
964 334 1124 417 optandus

110 425 171 500 est,
189 423 227 485 ut
245 419 427 484 accuratius
447 420 671 485 discernantur
689 421 807 487 horum
827 425 1044 488 correctorum
1059 445 1124 486 ma·

109 532 184 592 nus,
217 530 255 573 ex
288 500 405 592 quibiis
438 509 493 593 qui
525 513 601 574 sunt
633 512 738 574 aetate
766 511 891 594 priores
919 531 987 576 non
1014 515 1125 578 carent

109 597 314 663 auctoritate.

176 685 251 751 Non
288 685 412 771 placuit
443 686 538 750 huius
571 687 662 771 libri,
693 687 748 771 qui
776 687 859 753 alios
888 708 999 752 omnes
1027 688 1123 772 longe

109 779 241 860 superat
260 775 462 860 auctoritate,
480 797 520 839 ne
540 797 594 838 eas
615 775 744 859 quidem
757 777 790 840 in
806 775 1016 841 adnotatione
1033 799 1124 860 prae-

33 919 41 930 .
107 865 289 929 termittere
317 865 507 947 scripturas,
541 886 624 949 quae
654 864 695 928 ad
724 865 992 949 orthographiam
1021 865 1123 930 solam

109 957 271 1037 spectant,
309 953 499 1036 praesertim
533 974 604 1018 cum
638 954 760 1018 omissa
792 953 944 1018 uiliorum
977 953 1123 1019 codicum

106 1043 213 1121 turba,
238 1063 374 1126 quorum
397 1043 486 1106 nulla
510 1045 580 1107 erat
603 1043 638 1106 in
660 1042 768 1106 uerbis
791 1048 907 1126 poetae
926 1043 1123 1107 constituen-

109 1131 159 1195 dis
184 1130 369 1214 auctoritas,
393 1131 473 1195 satis
498 1130 629 1195 daretur
653 1131 759 1214 spatii.
797 1134 995 1216 quapropter
1012 1130 1066 1195 hic
1085 1131 1123 1195 de

108 1218 346 1303 orthographia
365 1218 522 1283 disserere
537 1219 741 1304 supersedeo,
760 1220 799 1285 de
814 1241 876 1304 qua
891 1223 987 1284 antea
1001 1219 1122 1283 dictum

75 1355 80 1363 -
108 1313 159 1374 est
182 1310 261 1373 satis
284 1310 360 1393 post
378 1307 598 1373 LMuellerum
621 1307 699 1390 (uid.
714 1307 916 1373 Fleckeiseni
935 1309 1020 1373 Anu·
1037 1309 1122 1374 1866

106 1421 137 1483 p.
161 1394 242 1484 394)
280 1420 299 1462 a
334 1418 385 1460 me
419 1393 563 1482 (Ueberl.
596 1420 625 1480 p.
650 1397 715 1462 259
736 1396 819 1482 sqq.)
857 1400 890 1462 at
928 1396 1122 1462 Schenkelio

107 1487 153 1572 (p.
172 1484 286 1551 XXIII
303 1490 369 1550 not.
384 1483 474 1570 222).
512 1485 692 1568 conpendia
711 1507 787 1550 uero
806 1486 998 1570 litterasque
1016 1508 1036 1549 v
1056 1488 1089 1551 et
1108 1509 1123 1548 s

107 1598 127 1640 a
150 1576 284 1640 librario
309 1575 359 1638 sui
382 1574 503 1639 saeculi
525 1596 614 1639 more
633 1575 870 1658 superscriptos
891 1571 996 1660 (uelut
1014 1571 1122 1658 carus)

107 1685 362 1729 commemorare
388 1685 454 1728 non
478 1685 559 1747 opus
584 1686 653 1729 esse
678 1664 766 1749 duxi,
794 1685 834 1728 ne
858 1685 895 1728 eo
920 1663 1048 1747 quidem
1072 1684 1123 1726 ex-

106 1759 201 1838 cepto
225 1752 413 1836 conpendio,
436 1753 523 1837 quod
546 1754 668 1836 passim
692 1758 725 1817 et
740 1772 802 1836 pro
827 1755 859 1816 et
878 1772 935 1833 per
958 1751 1122 1834 praeposi·

105 1842 230 1907 tionem
259 1841 421 1925 significat
448 1864 473 1935 p
503 1839 592 1926 (nam
621 1864 643 1926 p
673 1841 802 1906 demum
831 1863 850 1904 a
876 1840 932 1906 fol.
952 1840 994 1904 26
1023 1840 1123 1905 col2

106 1932 189 1998 med.
212 1932 388 2014 usurpatur
412 1931 452 1995 ab
471 1927 631 2016 librario).
672 1951 774 2015 neque
794 1933 930 2013 quartae
949 1928 1036 1992 illius
1055 1950 1120 1993 ma·
1182 2003 1186 2012 f
1206 1931 1222 1968 '³

104 2043 183 2085 nus,
199 2023 401 2086 correcturas
425 2019 709 2103 orthographicas,
739 2040 821 2102 quae
845 2017 965 2082 nullius
988 2038 1121 2100 prorsus
1200 2062 1222 2082 e.

107 2112 184 2175 sunt
206 2108 371 2187 momenti,
395 2107 588 2173 curauimus.

174 2197 324 2264 Ceterum
354 2197 468 2262 folium
494 2197 548 2261 11¹
576 2195 832 2280 photographiae
861 2215 921 2277 ope
947 2193 1120 2277 depictum,

107 2287 194 2371 quod
218 2287 384 2371 egregium
405 2288 631 2350 ornamentum
651 2287 701 2348 est
720 2283 870 2348 editionis
889 2281 1121 2364 Berolinensis‚

105 2376 210 2440 multa
228 2374 411 2458 explicabit,
431 2395 513 2458 quac
532 2373 639 2438 uerbis
657 2369 722 2438 non
737 2372 816 2438 satis
831 2371 970 2436 dilucide
983 2373 1121 2455 possunt

106 2486 145 2528 ex
170 2486 234 2530 cnr.

146 2488 167 2548 p
196 2551 280 2628 Quid
303 2551 339 2616 in
357 2551 493 2635 singulis
511 2551 640 2637 paginis
659 2549 814 2615 Vossiani
834 2549 877 2614 sit
895 2547 1120 2632 perscriptum,

107 2646 257 2708 accurate
281 2641 427 2705 indicant
450 2663 532 2725 quae
556 2643 708 2706 secuntur
730 2637 890 2724 pagellae.

104 2853 162 2918 f.1
264 2840 423 2918 'flehite
444 2799 745 2904 auscultassent

318 2975 445 3012 insomne
464 2977 575 3012 rnorem
594 2961 691 3011 suffiri

319 3027 460 3083 Ausonius
479 3027 590 3098 genitor
607 3027 688 3082 nobis
708 3043 760 3096 ego
778 3031 843 3080 nn‘re
862 3023 960 3080 eodem

161 3101 210 3154 col.
229 3103 248 3154 2
318 3097 391 3153 Dum
409 3099 481 3154 nulli
500 3099 584 3154 luerit
604 3097 756 3170 discipulus
775 3096 876 3152 melior

217 3187 245 3224 a.
266 3174 301 3225 12
318 3189 446 3226 susurrus
466 3188 579 3225 suasuro

216 3259 245 3296 a.
266 3247 301 3296 17
318 3261 447 3296 nsunosm
465 3246 484 3294 A*
505 3240 640 3296 ausonius'

104 3354 320 3362 -m

103 3401 257 3458 HSehenkl
272 3406 350 3468 1815,
368 3401 591 3456 Aemssaehrens
608 3406 685 3467 1876,
704 3400 855 3455 Mldertens
872 3405 949 3465 1819,
968 3397 1119 3452 HSchenkl

103 3474 208 3530 iterum
233 3476 314 3541 1881,
338 3489 390 3541 ego
414 3473 619 3538 lterum18843
645 3472 674 3524 et
696 3469 811 3526 Hclderi
836 3471 995 3526 conlatione
1015 3467 1119 3524 Schen-

103 3545 196 3600 kelius
214 3562 281 3600 usus
301 3546 352 3612 est,
370 3543 441 3598 mihi
460 3559 539 3598 suam
559 3542 698 3598 concessit
714 3540 886 3597 HJMneller.

869 3629 907 3686 b*
