2546 3962
528 203 764 269 -363-

140 385 208 428 non
230 361 413 448 splendida:
444 362 610 428 ueteribus
634 367 671 427 ut
693 362 761 427 illis
784 362 972 428 consulibua
996 361 1156 450 (excepta,
1170 382 1210 422 24⁰

142 472 225 537 quae
243 458 314 516 tum
333 456 411 534 erat,
431 451 619 516 bellicarum
638 451 821 516 conlatione
840 451 1012 537 uirtutum)
1036 453 1064 518 si
1084 453 1155 537 quis

141 562 194 605 me
217 540 365 606 conferre
388 540 553 624 dignetur,
583 543 721 624 seponat
748 540 949 624 opulentiam
972 562 1040 606 non
1064 541 1156 607 dero·
1243 623 1247 630 Ι

64 630 123 735 Χζγῑ
141 633 275 714 gaturus
304 628 506 695 industriam.
551 649 664 694 uerum
697 629 852 713 quoniam
879 630 993 714 gratiis
1021 630 1155 716 agendis

140 717 327 783 iamdudum
347 718 520 784 succumbo
540 717 709 782 materiae:
731 722 768 782 tu
788 718 927 783 orationi
947 740 1052 802 meae,
1075 717 1155 784 Gra-

87 825 121 874 es
140 807 244 891 tiene,
271 806 413 872 succede.
454 811 504 890 tu,
527 805 697 890 Gratiane,
724 807 780 892 qui
803 806 865 871 hoo
887 827 1005 872 nomen
1029 809 1075 872 sic
1097 829 1156 892 per
1169 825 1208 866 245

140 896 305 961 fortunam
330 894 466 981 adeptus
489 917 537 978 es,
560 898 597 960 ut
620 917 715 960 nemo
735 895 842 960 uerius
862 896 1040 961 ambitione
1059 917 1154 980 quae-

139 984 244 1049 sierit:
272 1005 376 1068 neque
404 984 491 1049 enim
518 984 636 1048 iustius
660 983 812 1048 Metellus
835 988 1052 1069 cognomento
1076 984 1154 1050 Pius

138 1081 231 1156 patre
254 1077 423 1157 reuocato,
446 1073 501 1157 qui
524 1076 612 1138 esset
634 1073 753 1156 impius
777 1072 944 1157 exulante3
969 1077 1026 1138 aut
1046 1074 1154 1138 uerius

139 1161 230 1226 Sulla
252 1160 357 1246 Felix,
382 1162 437 1246 qui
460 1161 589 1227 felicior
612 1167 699 1246 ante,
723 1183 821 1246 quam
844 1165 1029 1246 uocaretur3
1057 1184 1154 1247 quam

138 1253 188 1334 tu,
211 1249 400 1316 Gratianus:
428 1251 480 1316 eui
508 1255 542 1314 et
563 1251 625 1315 hoa
648 1271 769 1315 nomen
796 1254 859 1328 est,
887 1255 921 1315 et
948 1251 1006 1316 illa
1028 1250 1152 1316 Metelli
1167 1269 1209 1310 neo

85 1337 310 1422 casulaeque
335 1340 538 1424 cognomina.
574 1343 625 1423 tu,
651 1340 798 1422 inquam,
822 1337 990 1423 Gratiana,
1017 1339 1073 1422 qui
1093 1339 1154 1405 hoc

137 1449 203 1494 non
231 1426 369 1512 singulis
397 1428 509 1511 factis,
539 1427 594 1491 sed
623 1431 781 1511 perpetua
809 1431 901 1512 grata
925 1428 1041 1512 agendi
1063 1428 1154 1492 beni-

139 1517 264 1602 gnitate
284 1516 442 1602 meruisti3
467 1516 531 1597 eui,
553 1515 618 1580 nisi
642 1515 683 1581 ab
708 1537 770 1580 auo
794 1514 965 1581 deductum
989 1519 1088 1600 esset,
1112 1517 1154 1581 ab

138 1604 288 1670 omnibus
313 1604 498 1670 adderetur:
520 1608 557 1668 tu
576 1605 645 1687 ipse
664 1604 740 1688 tibi,
762 1604 909 1688 inquam,
932 1626 991 1688 pro
1010 1626 1061 1669 ma
1080 1625 1153 1689 gra-

137 1693 217 1758 tiam
236 1693 333 1778 refer,
357 1697 393 1758 tu
411 1698 551 1776 tuaeque
570 1693 723 1758 uirtutes:
747 1689 887 1776 bonitas,
907 1714 969 1777 qua
987 1693 1022 1757 in
1041 1715 1152 1758 omnes
1168 1712 1207 1754 aas

137 1782 284 1866 prolixus
304 1803 351 1866 es,
371 1785 546 1866 perpetuus
566 1781 600 1845 in
619 1803 684 1865 me;
707 1781 826 1865 pietas,
845 1803 910 1866 qua
929 1781 1041 1846 orbem
1059 1785 1152 1846 tuum

136 1875 314 1955 temperas,
342 1892 441 1955 quam
464 1871 498 1936 in
521 1869 706 1936 ulciscendo
730 1873 846 1955 patruo
869 1871 1005 1956 probas,
1032 1872 1151 1936 tuendo

135 1960 171 2026 in
194 1961 295 2026 fratre
318 1960 477 2045 cumulas,
501 1959 645 2026 ornando
664 1959 698 2024 in
717 1964 926 2046 praeceptore
945 1959 1151 2044 multiplicas.

49 2052 120 2091 xvn
138 2052 216 2133 agat
235 2049 359 2133 gratias
379 2049 560 2131 elementia,
582 2070 678 2132 quam
696 2048 839 2113 humano
860 2049 971 2132 generi
989 2049 1151 2136 impertis,

83 2107 118 2156 40
136 2139 332 2223 liberalitas,
355 2158 419 2222 qua
441 2138 526 2203 ditas
550 2159 676 2222 omnes,
699 2136 871 2221 fortitudo,
895 2158 959 2221 qua
977 2137 1095 2220 uineis,
1119 2143 1152 2203 et
1165 2158 1207 2198 aco

137 2248 228 2291 mens
256 2227 320 2292 ista
348 2249 459 2308 aurea,
487 2248 586 2311 quam
613 2225 843 2292 decommum·
869 2227 929 2291 deo
957 2226 1151 2310 plusquam

136 2336 220 2381 unus
239 2315 387 2381 hausisti.
425 2320 527 2402 agant
547 2320 580 2381 et
597 2337 656 2401 pro
675 2337 727 2380 me
746 2316 872 2400 gratias
891 2335 987 2380 uoces
1007 2315 1152 2379 omnium

137 2402 336 2488 Galliarum,
373 2427 510 2490 quarum
546 2405 712 2491 praefecto
749 2404 834 2469 hanc
870 2403 1151 2469 honorificentiam

136 2493 291 2560 detulisti.
337 2495 423 2559 ultra
459 2493 665 2578 progredior,
702 2495 735 2557 et
767 2493 829 2556 hoc
862 2493 939 2577 quia
971 2492 1086 2557 debere
1118 2496 1151 2557 te

137 2582 231 2648 dieis:
255 2585 346 2668 agat,
369 2603 451 2667 quae
470 2583 592 2666 optime
612 2601 708 2666 agere
726 2584 849 2665 potest,
872 2602 936 2645 uox
954 2580 1032 2660 ista,
1053 2602 1150 2665 quam
1165 2604 1205 2646 aas

137 2670 238 2736 docui.

81 2777 116 2827 41
202 2758 309 2824 VIIII.
340 2758 532 2824 Iamdudum
561 2762 670 2824 autem
699 2780 797 2843 quam
824 2758 912 2842 grati
941 2757 1054 2844 animi,
1082 2761 1150 2823 tam

207 2902 258 2950 241
278 2898 311 2967 tri
329 2900 390 2952 tum
412 2895 438 2952 T
451 2900 456 2968 Ι
471 2900 534 2953 erat
547 2898 575 2951 Z
591 2898 672 2952 erant
685 2898 838 2966 Acontius,
852 2890 1001 2953 Acidaliae
1017 2899 1021 2967 Ι
1037 2895 1151 2953 bellica-

135 2968 209 3040 rum]
228 2967 417 3024 belliarumd
434 2969 576 3024 belcarnm
596 2971 692 3040 (marg.
703 2985 750 3039 pr.
765 2986 819 3039 pn.
835 2967 1001 3025 bellicarum
1018 2966 1150 3036 oollatde)

138 3040 164 3094 Τ
179 3039 329 3110 galliarum
347 3041 386 3109 fl
408 3040 548 3095 oblatione
570 3040 596 3094 T
617 3039 769 3096 collatione
788 3039 814 3096 G
886 3046 937 3096 242
957 3039 1115 3095 conferet*

135 3151 187 3200 243
207 3144 266 3228 gria
286 3147 313 3201 Τ
383 3151 436 3202 244
455 3146 654 3228 subcumboG
726 3150 778 3202 240
795 3112 915 3202 lucane
934 3110 1108 3229 granando

135 3223 186 3274 247
206 3220 296 3274 inatus
317 3219 354 3272 M
421 3222 474 3274 249
494 3219 559 3272 ulla
578 3218 647 3271 ΤΜ
664 3218 737 3288 sylla
755 3219 781 3274 G
796 3221 801 3290 Ι
816 3216 903 3273 foelix
923 3215 1111 3285 Tlfoelreror
1127 3216 1153 3269 T

171 3295 223 3344 200
242 3290 298 3362 eui]
319 3289 367 3358 qni
386 3288 432 3357 Gt
453 3288 542 3359 syllae
561 3289 587 3344 θ
603 3293 607 3357 Ι
623 3289 704 3344 sillae
724 3290 763 3343 M
779 3289 875 3344 scillae
896 3287 921 3341 Τ
992 3291 1045 3342 204
1063 3287 1150 3342 homi-

133 3359 216 3416 nibus
227 3361 266 3415 M
318 3366 369 3415 257
387 3359 455 3431 qua]
475 3360 564 3429 qutG
579 3363 583 3428 Ι
600 3376 741 3430 quamque
755 3358 881 3431 Vpoletao
930 3363 983 3414 209
1001 3357 1103 3428 lpartis
1115 3359 1152 3412 M

133 3431 264 3502 impartis
283 3433 309 3487 G
372 3436 425 3487 260
443 3432 554 3504 omnes]
572 3431 668 3487 ofisT
730 3437 781 3486 261
801 3430 911 3499 quade
930 3429 1151 3499 GlcomnniG

169 3509 221 3558 202
240 3520 312 3558 unua
330 3503 357 3557 Z
372 3502 447 3559 ullus
465 3503 557 3560 Puris.
581 3508 585 3572 Ι
610 3519 694 3558 uoces
712 3519 763 3558 om.
782 3502 821 3555 M

205 3573 283 3628 VIIII
307 3581 359 3631 267
378 3578 474 3630 tamen
492 3575 531 3629 M
