2466 3958
509 177 547 188 -
594 156 654 202 LVI
702 174 739 184 -

120 303 208 366 7927
231 322 255 364 s.
274 299 318 382 X;
342 299 498 364 accedunt
520 298 655 363 alterius
678 296 831 380 familiae,
855 299 1033 364 auctiorem
1053 323 1143 385 qnae

118 387 219 452 habet
233 388 330 452 istam
346 387 504 474 syllogen‚
519 385 711 452 Sulcensis
725 386 842 452 codicis
857 388 1037 473 relliquiae,
1053 411 1142 474 quae
1224 469 1225 476 ἵ

120 480 233 556 extant
256 476 291 540 in
315 477 382 541 eod.
405 475 508 541 Paris.
525 476 631 540 17177
656 475 712 539 fol.
736 497 760 539 s.
779 474 826 540 Xl
845 499 877 560 p.
895 475 938 542 98
954 498 1032 561 sqq„
1056 499 1141 543 non·
1224 499 1225 506 ¹

119 565 194 631 dum
226 566 382 630 conlatae.
433 565 468 630 in
505 563 701 629 Ausonienis
734 563 855 648 eologis
887 587 989 648 paene
1026 567 1141 631 nullus

119 654 251 718 horum‘
267 653 424 719 librorum
457 656 507 719 est
538 674 630 734 usus3
663 652 814 718 carminis
847 674 925 718 uero
958 653 997 718 de
1027 654 1140 740 Ensis,

120 743 205 826 quod
228 742 312 807 falso
332 743 478 808 Ausonio
499 743 747 826 adscripserunt,
770 743 882 806 unicus
902 742 956 807 hic
980 748 1030 808 est
1051 743 1140 809 fons.

187 829 286 896 Multi
308 835 475 915 praeterea
499 834 576 896 sunt
598 829 684 914 libri,
708 829 764 913 qui
787 829 917 895 omissis
941 828 1140 897 Caesaribus

121 924 237 1005 cetera,
261 943 343 1005 quae
363 920 395 985 P
410 921 564 1003 continet,
582 922 672 984 recto
692 917 803 984 ordine
823 924 1057 1006 propagarunt,
1077 921 1138 985 sci·

120 1007 197 1074 licet

121 1115 240 1167 monost.
256 1112 290 1167 de
299 1109 429 1165 Herculis
443 1111 593 1179 aerumnis,
607 1109 658 1165 Vir
671 1111 770 1178 bonus,
783 1107 835 1164 Est
848 1113 877 1165 et
886 1111 960 1181 Non,
974 1109 1139 1168 Hesiodion.

122 1242 219 1304 porro
248 1242 314 1285 non
342 1220 471 1299 derunt,
504 1221 538 1284 in
567 1219 683 1304 quibus
711 1219 763 1284 his
793 1219 991 1305 adiungatur
1017 1242 1057 1284 ex
1085 1220 1138 1285 Iu·

123 1309 248 1373 uenalis
277 1309 344 1373 ludi
372 1309 483 1374 libello
512 1309 550 1372 de
578 1307 674 1374 Rosis
700 1329 838 1373 carmen
884 1310 975 1374 uelut
993 1309 1029 1374 in
1048 1308 1139 1375 foliis

121 1397 431 1464 Darmsacieoaac
452 1403 537 1464 3301
560 1419 585 1462 s.
607 1395 638 1460 X
661 1395 850 1480 Wimpiena
873 1397 1030 1478 oriundis,
1055 1420 1140 1483 quae

123 1485 294 1570 descripsit
315 1484 534 1552 EDuemmler
556 1485 722 1550 NArchiu.
745 1485 793 1550 XI
817 1487 874 1568 77,
904 1486 973 1570 ipse
998 1488 1140 1571 excussi3

122 1575 178 1639 ubi
206 1575 286 1640 haec
314 1579 390 1640 sunt
416 1575 575 1658 inscripta
601 1573 795 1640 carminibus
819 1578 915 1658 etque
939 1576 1139 1660 subscripta:

210 1677 311 1748 incipit
328 1677 485 1733 monastica
503 1678 538 1733 de
557 1678 698 1733 aerumnis
716 1678 845 1734 Herculis

247 1749 349 1804 finiunt
366 1748 523 1803 monastice
541 1751 739 1820 suprascripta.

212 1819 291 1890 incfrt
310 1820 345 1874 de
364 1819 541 1874 institutione
560 1819 616 1874 uiri
633 1821 702 1875 boni

169 1923 170 1926 =
248 1891 321 1960 expl.
341 1890 455 1960 aigloga
474 1891 535 1961 sud.

212 1960 301 2032 incifit
320 1961 354 2016 de
372 1961 555 2032 phitacoriois
573 1961 787 2018 diffinitionibus
805 1963 935 2018 Nailreon

249 2033 334 2102 expl'i
353 2033 457 2104 egloga
476 2050 560 2103 supra
579 2033 684 2102 scripta

213 2103 292 2174 incfot
309 2105 344 2159 de
363 2103 505 2160 aetatibus
524 2105 699 2159 animantum

249 2173 312 2229 finit
330 2174 433 2246 egloga
452 2192 536 2244 supra
554 2175 660 2244 scripte

214 2245 293 2315 incgt
311 2245 413 2316 egloga
432 2246 467 2300 de
485 2245 557 2301 rosis
576 2245 755 2384 conticentibus
774 2247 803 2302 et
822 2248 1038 2304 senescentibus.

518 2319 601 2385 (deest
638 2319 704 2386 ais.)

125 2426 234 2509 plures
259 2426 357 2490 etiam
381 2425 603 2509 inueniuntur,
627 2428 681 2512 qui
705 2449 805 2492 unum
827 2427 1002 2494 alterumue
1020 2429 1137 2496 horum

126 2515 308 2579 carminum
345 2515 540 2598 roceperint,
575 2538 655 2600 quos
687 2516 770 2581 nihil
809 2516 928 2582 attinet
964 2539 1138 2604 recensere,

126 2623 199 2667 cum
226 2603 260 2667 in
287 2604 460 2687 propatulo
489 2605 533 2669 sit
561 2605 694 2670 disiecta
721 2604 800 2670 haec
828 2607 973 2671 membra
1001 2629 1040 2671 ex
1066 2609 1138 2692 plus

126 2692 275 2756 minusue
304 2692 464 2776 corruptis
496 2693 648 2779 florilegii
674 2693 780 2760 nostri
810 2695 903 2760 libris
931 2695 1079 2780 inprimis
1108 2697 1140 2764 P

126 2779 270 2845 familiae
297 2801 367 2846 esse
395 2781 572 2866 deriuatos,
599 2805 666 2848 non
692 2805 731 2848 ex
754 2783 898 2868 pleniore
922 2784 1031 2869 aliquo
1056 2784 1139 2852 Vos-

127 2870 237 2932 sionae
265 2867 409 2934 familiae
439 2870 533 2935 libro.
569 2871 633 2937 uid.
660 2893 743 2956 quae
771 2873 811 2937 de
834 2873 959 2938 duobus
982 2873 1138 2940 librorum

126 2957 274 3043 peribus,
303 2957 407 3023 altero
441 2959 589 3024 Vossiano
621 2960 713 3040 Qec
740 2983 812 3025 cum
845 2961 993 3028 Parisino
1025 2967 1139 3049 13026,

127 3048 228 3111 altero
252 3044 506 3112 Demonstro
529 3068 602 3112 cum
630 3049 778 3115 Vossicno
802 3050 829 3130 Q
851 3055 898 3116 33Υ
922 3050 989 3116 dixi
1011 3049 1139 3117 Ueberl.

126 3160 156 3221 p.
181 3135 245 3201 307
275 3139 308 3200 et
333 3134 420 3200 infra
447 3132 488 3200 ad
516 3157 645 3201 carmen
679 3137 718 3202 de
747 3138 931 3204 nominibus
964 3139 1139 3207 Musarum.

126 3225 322 3290 recentiores
356 3227 389 3288 et
424 3225 680 3308 recentissimos,
716 3246 852 3310 quorum
890 3229 1015 3292 librarii
1051 3231 1139 3295 undi-
1224 3235 1225 3266 ¹

129 3335 190 3397 que
224 3311 380 3398 quidquid
411 3315 588 3398 potuerunt
626 3314 789 3380 minorum
826 3316 1005 3381 carminum
1037 3339 1140 3383 corra-

129 3423 212 3486 sere‚
240 3401 378 3488 Vergilii
405 3403 533 3468 laudem
561 3402 724 3488 poeticam
751 3407 788 3468 ut
810 3404 857 3469 eis
881 3409 1050 3491 augerent,
1075 3429 1140 3472 non

7 3561 8 3576 χ
127 3511 300 3556 moramur.
