2546 3962
531 163 770 228 -380-

143 325 178 390 in
202 324 376 390 concilium
399 323 587 407 proceribus
611 321 778 387 aduocatis
802 320 993 386 mandatum
1017 321 1108 387 Iouis
1130 327 1164 386 et
1184 336 1216 383 10

144 414 284 499 speeiem
306 414 485 477 nocturnae
504 411 622 496 quietis
641 411 804 496 explanat.
835 409 960 475 morin
974 410 1163 477 contionem

142 501 351 567 multitudine
371 504 569 586 congregata
585 501 785 584 pertemptat
802 498 943 566 militum
957 499 1163 566 uoluntatem

62 643 64 648 .
143 593 243 675 utque
271 591 419 675 deposito
447 590 534 655 bello
563 588 603 654 ad
629 611 688 654 sua
711 588 847 673 quisque
870 589 1019 673 redeant,
1047 589 1162 655 cohor·

142 682 241 745 tatur.
295 679 425 763 iamque
462 679 612 743 omnibus
648 677 892 762 nauigationem
926 676 1162 743 adornantibus

111 779 115 790 ’
142 769 237 834 foeda
257 767 411 833 discessio
431 768 472 832 ab
491 766 588 832 Vlixe
606 766 788 832 cohibetur.
820 788 839 830 a
859 788 922 850 quo
942 767 1042 832 etiam
1060 766 1160 832 Ther·
1184 785 1215 834 15

143 857 223 922 sites
255 856 408 922 deformis
440 859 472 921 et
502 857 623 940 loquax
656 858 689 919 et
720 856 755 919 in
783 854 917 920 heroum
946 856 1163 922 contumelias

142 947 318 1011 uerborum
345 945 479 1011 lieentia
503 947 674 1028 promptus
698 966 768 1009 cum
792 945 909 1009 acerba
932 945 1165 1029 obiurgatione

142 1035 301 1120 pulsatur.
336 1034 407 1118 ipse
426 1033 593 1098 Mineruae
618 1034 744 1099 monitu
767 1037 900 1098 cunctos
924 1033 1165 1117 sprofeotione

144 1123 294 1187 deterret.
331 1125 461 1206 sumpto
481 1122 595 1188 deinde
611 1122 682 1187 cibo
698 1125 843 1187 armatur
858 1123 1026 1188 exercitus.
1058 1144 1166 1207 neque
1260 1175 1261 1178 η

144 1212 246 1276 setius
274 1233 294 1276 a
317 1209 467 1276 Troianis
495 1211 656 1276 instructa
685 1211 785 1293 acies,
813 1209 901 1276 Iride
927 1212 975 1276 ita
998 1215 1166 1296 monente,
1185 1231 1219 1280 ao

144 1299 340 1383 producitur.
382 1301 528 1384 sequitur
551 1300 752 1365 enumeratio
777 1300 942 1383 copiarum
964 1299 1103 1380 uiritim,
1127 1308 1167 1366 ut

144 1410 203 1473 per
236 1389 379 1474 catalogi
412 1390 528 1454 seriem
560 1388 696 1472 milites,
732 1411 848 1472 naues,
884 1389 994 1473 duces,
1025 1390 1166 1474 patriae,

145 1480 344 1544 retexuntur.

631 1671 678 1724 III.

253 1753 350 1846 deindo
370 1772 433 1830 ἐπεὶ
451 1775 598 1846 κόσμηθεν
617 1771 668 1847 ἅμ’
688 1769 873 1846 ἡγεμόνεσσιν
893 1774 1007 1830 ἕκαστοι

253 1881 373 1951 Argiuos
392 1900 443 1937 sua
462 1900 601 1952 quemque
619 1883 694 1938 acies
713 1881 742 1936 in
761 1882 837 1938 bella
856 1884 1000 1950 secuntur,

250 1951 389 2023 Dispositi
407 1954 437 2008 in
455 1957 562 2010 turmas
581 1955 708 2023 equitum
726 1970 884 2023 cuneosque
905 1953 1059 2020 pedestres.
1113 1977 1118 1986 ·

251 2023 375 2079 Turbida
394 2026 557 2096 clangentes
577 2025 752 2081 confundunt
770 2026 884 2095 agmina
901 2023 995 2081 Troes.

211 2150 412 2215 lust-ructum
438 2153 562 2234 proelio
590 2153 777 2236 exercitum,
804 2153 995 2236 priusquam
1022 2152 1201 2222 feruerets

146 2239 240 2322 acies,
265 2238 413 2304 Priamus
438 2246 564 2322 spectat
588 2263 604 2305 e
627 2243 729 2306 muris
753 2246 785 2306 et
808 2245 995 2306 monstratu
1017 2240 1166 2306 Helenae

145 2327 185 2390 de
207 2327 288 2392 uiris
312 2327 494 2412 insignibus
519 2329 679 2394 edocetur.
718 2330 833 2394 dehinc
851 2329 1018 2394 Menelaus
1038 2330 1080 2394 ad
1100 2330 1166 2395 sin·
1260 2309 1261 2382 l

147 2416 261 2500 gulare
280 2420 444 2482 certamen
463 2418 504 2481 ab
524 2418 709 2483 Alexandro
728 2422 933 2502 prouocatur.
967 2419 1022 2503 qui
1040 2417 1166 2484 frustra

144 2503 389 2590 Agamemnone
408 2504 601 2572 dehortante
620 2507 838 2591 congreditur,
855 2507 944 2571 facta
957 2508 1043 2571 inter
1057 2511 1165 2573 utros-

145 2615 206 2678 que
238 2594 376 2679 populos
406 2596 581 2680 sponsione
609 2601 641 2660 et
669 2595 799 2660 foedere
827 2617 885 2679 per
913 2617 1004 2660 sacra
1030 2595 1164 2662 firmato
1184 2615 1215 2663 10

145 2683 204 2746 sub
234 2704 273 2747 ea
296 2683 499 2770 condicione,
527 2689 566 2750 ut
588 2685 745 2750 uictorem
768 2684 894 2749 Helena
918 2706 991 2749 cum
1015 2683 1090 2748 dote
1115 2707 1163 2749 se·

146 2775 307 2854 queretur.
344 2773 400 2837 sed
424 2778 595 2856 superatus
613 2772 706 2838 Paris
730 2769 959 2858 regressusque
984 2773 1023 2836 ad
1047 2773 1164 2838 urbem

217 3023 249 3071 11
270 3018 403 3073 concione
421 3019 450 3072 P
464 3034 533 3074 corr.
552 3019 651 3088 Peiper
716 3025 748 3072 13
768 3016 887 3087 quisque
907 3018 1068 3087 P1‘quique
1093 3019 1163 3088 Vpo-

113 3087 117 3096 '
144 3090 212 3144 letus
236 3090 241 3158 Ι
266 3089 432 3144 cohortatur
457 3090 485 3144 P
556 3096 590 3144 14
615 3089 845 3160 nauigationibus
864 3090 893 3144 P
962 3095 995 3144 lo
1018 3089 1084 3145 leda
1110 3089 1161 3160 Pl

142 3159 279 3286 11ξὲξίῐῇ
294 3160 323 3214 Ρ
396 3162 589 3216 1610101111
613 3161 653 3214 P·
732 3167 765 3215 17
793 3164 920 3231 promtus
945 3161 973 3215 P
1044 3166 1079 3215 20
1106 3164 1164 3215 tro-

216 3327 230 3375 1
259 3305 410 3404 hrrapeprr
432 3337 569 3375 nemeen
592 3338 665 3375 anst
689 3295 909 3405 monsonencror
927 3321 955 3375 P
1025 3321 1168 3446 4T³9⁰⁸3d

142 3407 205 3447 reos
225 3391 254 3445 P
323 3397 339 3446 1
364 3391 422 3462 plro
442 3393 495 3460 Pl
524 3391 647 3446 ferueret
672 3391 773 3462 Perper
802 3391 899 3448 feriret
921 3393 950 3448 P
1019 3391 1120 3446 8nlex

178 3469 194 3516 9
224 3479 377 3532 agameone
402 3464 431 3517 P
458 3464 462 3532 Ι
492 3463 638 3518 deortante
661 3464 689 3517 P
760 3469 792 3518 10
819 3463 914 3519 ledere
935 3464 963 3517 P
1036 3469 1067 3517 11
1097 3479 1163 3518 oon·
1260 3495 1261 3540 l

143 3533 267 3589 dictione
286 3534 315 3588 P
330 3551 398 3590 corr.
419 3535 562 3588 Acontius
1260 3543 1261 3574 .
