2532 3954
538 189 753 253 „37-

134 349 266 416 Occidis
290 348 427 414 emissae
453 370 625 433 percussus
648 348 790 432 pondere
813 350 929 432 testae,

181 438 313 504 Abiecit
335 441 423 502 teoto
448 460 546 523 quam
569 458 684 503 manus
710 436 852 502 artificis.
1122 453 1155 502 10

133 526 214 593 Non
236 527 304 608 fuit
326 526 460 592 artificis
484 547 600 591 manus
623 526 717 590 haec:
741 547 857 590 monus
881 526 939 591 illa
962 526 1087 590 cruenti

183 614 282 682 Carta
303 615 370 680 fuit
391 615 454 680 fati
479 613 688 699 suppositura
710 636 811 678 reum.

133 703 227 788 Heu,
250 725 332 788 quae
356 707 435 769 uota
457 703 552 787 mihi,
576 725 658 788 quae
680 703 804 786 rumpis
828 702 1115 788 gaudia,Pastor1

182 793 246 857 Illa
269 815 378 857 meum
401 793 498 878 petiit
518 793 629 877 tegula
653 791 754 856 missa
777 796 882 876 caput.

135 881 279 966 Dignior
300 904 334 966 o,
357 887 490 946 nostrae
513 881 738 967 gemeressqui
760 880 830 946 fata
854 886 1003 946 senectae
1124 895 1156 945 15

184 970 231 1035 nt
254 991 423 1055 quererere
446 992 534 1034 meas
558 973 703 1035 maestus
727 970 766 1034 ad
791 971 955 1054 exequias!

87 1236 145 1284 [171]
381 1216 444 1270 XII.
470 1215 574 1272 IVLIA
592 1212 760 1269 DRYADIA
779 1213 906 1270 SOROR.

139 1358 173 1425 Si
197 1382 262 1444 qua
284 1359 348 1424 fuit
372 1360 491 1444 uirtuS,
514 1363 645 1442 cuperet
669 1382 765 1445 quam
788 1358 910 1424 femina
933 1359 1074 1444 prudens

182 1447 266 1514 Esse
289 1471 396 1532 snam,
420 1470 512 1514 soror
533 1448 595 1513 hao
618 1445 763 1532 Dryadia
786 1446 872 1512 haud
896 1450 1007 1513 caruit.

139 1535 224 1613 Quin
248 1538 347 1602 etiam
370 1537 492 1603 multas
515 1537 645 1623 hebuit,
669 1559 747 1621 quas
772 1556 866 1602 sexus
890 1537 1010 1603 habere

184 1625 312 1691 Fortior
336 1629 467 1710 optaret
488 1625 709 1709 nobilitasque
731 1626 847 1690 uirum.

138 1713 245 1780 Docta
269 1714 349 1780 satis
373 1714 541 1799 uitamque
565 1716 637 1780 oolu
660 1714 845 1799 famamque
867 1714 967 1797 tueri,
1140 1729 1156 1780 0

182 1801 290 1868 Docta
313 1804 419 1868 bonos
442 1825 548 1868 mores
571 1804 644 1887 ipsa
668 1825 806 1889 suosque
830 1803 958 1869 doeens.

137 1891 184 1957 Et
206 1913 320 1956 uerum
342 1891 412 1956 uita
435 1893 486 1957 oui
509 1892 616 1957 carius
640 1913 767 1976 unaque
792 1914 867 1956 eura

182 1981 289 2046 Nosse
314 1979 409 2046 deum
432 1986 465 2047 et
487 1981 622 2046 fratrem
645 1980 780 2064 diligere
804 1985 880 2046 ante
905 1981 995 2047 alios.

138 2068 287 2154 Coniuge
311 2069 415 2134 adhue
436 2069 565 2134 iuuenis
590 2070 707 2152 caruit,
731 2069 786 2134 sed
812 2071 895 2135 seria
918 2071 1027 2135 uitans

182 2157 332 2224 Moribus
356 2163 502 2223 austeras
527 2158 750 2244 aequiperauit
773 2181 852 2223 anus
1124 2174 1157 2224 10

137 2246 360 2331 Produxitque
383 2247 521 2312 hilarem
545 2268 603 2332 per
626 2269 704 2312 sens
728 2247 882 2312 decennia
905 2249 1020 2332 uitam,

182 2335 288 2420 Inque
312 2335 407 2401 domo
432 2359 469 2402 ao
492 2340 592 2420 teoto,
620 2357 684 2420 quo
707 2338 814 2421 pater,
837 2337 985 2422 oppetiit.

211 2587 244 2636 10
272 2563 341 2650 quii:
369 2581 438 2636 aul.
457 2587 489 2635 ui
507 2581 566 2635 11111.
591 2581 618 2635 V
689 2585 719 2634 11
745 2542 895 2637 artifieima
917 2597 1016 2636 manus
1038 2583 1090 2636 heo
1115 2568 1158 2646 est
1225 2647 1228 2652 ,

137 2655 163 2721 (s
180 2669 222 2720 ss,
241 2668 289 2706 ms
307 2653 373 2718 dei,
391 2651 444 2706 heo
462 2653 494 2706 in
512 2653 579 2725 heo,
597 2668 700 2708 rasura
713 2659 778 2722 post
795 2655 879 2722 hesi,
904 2657 947 2707 est
965 2655 1101 2722 enpunnit
1120 2654 1155 2708 ul.

136 2724 185 2793 m.)
206 2723 233 2777 V
287 2728 321 2776 12
341 2723 533 2794 suppositura:
554 2741 566 2776 s
584 2725 617 2777 ni
630 2724 650 2790 f.
666 2739 734 2778 eras.
750 2741 832 2794 super
847 2725 944 2795 supV
998 2729 1031 2778 13
1050 2723 1156 2778 miciV
1253 2735 1254 2738 ’

176 2853 210 2903 16
229 2805 379 2916 aiieqnias
404 2847 431 2899 V

209 2934 268 2990 XII·
290 2951 402 2990 nnrrnm
426 2936 453 2990 V
523 2939 686 3006 louperet:
707 2953 737 2990 er
754 2953 788 2992 on
805 2937 884 2992 rrV
936 2935 1082 2993 Adriadia
1106 2937 1155 3008 71

139 3007 216 3062 haud
237 3007 330 3062 caruit
345 3008 445 3077 Peiper
462 3025 519 3062 non
537 3007 594 3062 ruit
613 3009 640 3077 (o
659 3010 691 3063 in
710 3025 727 3064 a
745 3009 782 3072 ui,
801 3010 849 3064 ait.
868 3027 887 3062 n
906 3009 967 3075 dei,
985 3014 1016 3062 ui
1032 3011 1157 3078 prodiret

139 3078 300 3144 drisdians,
315 3083 413 3147 posteo
430 3080 467 3134 ui.
486 3095 519 3134 n.
540 3095 578 3133 na
594 3081 654 3149 suit.
675 3080 737 3148 dei.)
762 3079 789 3133 V
842 3080 967 3136 emeruit
985 3079 1121 3134 Heinsius

138 3157 155 3204 3
174 3149 257 3205 abuit
281 3149 338 3216 V¹i
359 3150 442 3204 abere
465 3149 504 3205 7ι
566 3157 583 3204 4
603 3153 715 3206 obturet
737 3151 781 3219 7Ι
797 3151 931 3206 nouilitas
954 3151 992 3206 Vl
1057 3151 1157 3207 toolu

143 3221 181 3273 V¹
254 3220 1001 3292 01111110711100111710111111Ρ111111,111111ω
1025 3221 1052 3277 V
1123 3228 1156 3276 10

139 3305 332 3398 iquiperanit:
345 3343 447 3383 rasura
460 3344 542 3398 super
557 3344 571 3382 e
589 3329 617 3384 V
670 3333 701 3384 11
718 3345 772 3398 que
787 3329 907 3385 hilarem
918 3329 1018 3397 Peiper
1037 3307 1156 3384 aelirum

139 3400 169 3468 (b
185 3405 217 3454 ui
236 3399 296 3455 uid.
317 3413 383 3453 eras.
403 3415 486 3470 super
504 3403 529 3468 e)
548 3399 576 3455 V
592 3399 702 3456 coelebs
717 3401 853 3456 Heinsius
872 3399 997 3455 oalebem
1015 3400 1156 3456 Baehrens

175 3476 208 3525 12
228 3471 283 3525 hae
308 3468 466 3539 V¹1teoto
490 3471 516 3525 V
536 3471 610 3526 leoto
629 3471 764 3527 Heinsius
