2534 3954
497 175 738 242 -105-

10 329 14 412 ζ*
106 337 272 416 Quattuor
294 336 353 400 illa
374 336 474 400 etiam
497 335 646 402 discretis
671 334 819 420 partibus
843 335 921 400 anui

154 424 304 491 Solstitia
327 428 361 489 et
382 424 470 488 luces
493 427 589 492 nocte
613 423 726 507 dieque
749 444 854 508 pares.

105 515 177 582 Nee
201 513 413 598 Regifugium
436 513 539 598 pulsis
564 535 602 576 ex
625 513 705 576 urbe
728 512 876 596 tyrannis

152 603 294 668 Laetum
317 601 474 666 Romanis
497 601 548 666 fas
570 599 705 666 reticere
729 599 822 666 diem.

105 691 211 758 Visne
235 689 316 774 Opis
341 693 415 754 autc
439 711 567 754 sacrum
590 689 643 753 uel
667 687 855 754 Saturnalia
878 687 984 752 dicam
1092 703 1125 754 15

152 779 315 864 Festaque
340 799 520 863 seruorum,
545 799 617 844 cum
640 777 842 842 famulantur
865 776 935 841 eri?

106 869 155 936 Et
176 889 355 952 numquam
379 867 476 932 certis
499 866 669 931 redeuntia
690 866 777 931 festa
800 865 926 946 diebus,

155 955 308 1040 Compita
329 977 387 1040 per
410 955 500 1020 uicos
525 976 598 1019 cum
622 976 682 1019 sua
705 955 839 1039 quisque
863 952 966 1018 colit?

107 1046 178 1112 Aut
201 1045 363 1130 duplicem
386 1044 523 1126 cultum,
547 1064 641 1127 quem
664 1039 864 1127 Neptunalia
888 1043 1013 1127 dicunt,

154 1134 200 1199 Et
223 1155 319 1218 quem
342 1133 380 1196 de
404 1131 510 1198 (lonso
535 1130 743 1216 consiliisque
766 1130 908 1197 uocant?
1092 1146 1126 1196 20

10 1239 11 1254 ¹
107 1221 208 1288 Festa
230 1221 324 1305 haec,
347 1221 488 1308 nauigiis
512 1223 568 1284 aut
592 1241 674 1304 quae
698 1221 861 1285 celebrata
884 1219 1050 1304 quadrigis

153 1311 301 1395 Iungunt
322 1309 489 1374 Romanos
512 1309 731 1393 finitimosque
755 1310 859 1374 duces.

108 1400 260 1464 Adiciam
284 1399 389 1463 cultus
411 1398 647 1482 peregrinaque
671 1419 764 1463 sacra
787 1397 935 1480 deorum,
1035 1453 1037 1456 ,

154 1487 310 1552 Natalem
332 1485 529 1552 Herculeum
552 1486 604 1550 uel
628 1485 710 1551 ratis
734 1485 872 1570 Isiacae,

108 1575 179 1642 Nec
202 1598 270 1642 uon
293 1575 408 1640 lasciui
430 1573 573 1640 Floralia
596 1575 684 1640 laeta
705 1575 841 1658 theatri,
1090 1589 1124 1638 25

155 1664 244 1740 Quae
268 1667 415 1748 spectare
437 1663 565 1748 uolunt,
590 1663 646 1748 qui
669 1663 813 1728 uoluisse
836 1665 967 1748 uega‘ut.

107 1751 206 1818 Nunc
229 1752 329 1818 etiam
352 1756 478 1818 ueteres
502 1751 708 1818 celebrantur
731 1751 884 1836 Equirria
906 1750 988 1818 ludi:

154 1841 267 1906 Prima
287 1841 369 1907 haec
390 1840 558 1905 Romanus
581 1841 715 1905 uomina
739 1840 841 1906 circus
864 1840 973 1906 habet

107 1930 155 1996 Et
176 1929 392 2014 Dionysiacos
415 1928 510 1995 Latio
535 1929 726 2015 cognomine
749 1928 841 1993 ludos

154 2018 262 2084 Roma
286 2018 375 2102 colit,
398 2017 496 2082 Liber
519 2039 601 2102 quae
625 2017 688 2083 sibi
711 2021 789 2082 uota
813 2016 908 2082 dicat.
1035 2030 1036 2034 ’
1092 2033 1126 2081 3ο

108 2107 243 2173 Aediles
267 2106 367 2171 etiam
389 2107 478 2190 plebi
502 2106 685 2191 aedilesque
709 2105 835 2171 curules

156 2194 257 2262 Sacra
280 2192 470 2280 Sigillorum
492 2195 624 2264 nomine
648 2194 735 2277 dicta
758 2193 893 2258 colunt.-

108 2285 156 2350 Et
178 2284 379 2369 gladiatores
402 2283 552 2348 funebria
572 2283 700 2367 proelia
722 2287 837 2347 notum
864 2319 867 2324 ,

92 2425 94 2431 .
155 2376 346 2439 Decertasse
364 2371 454 2437 foro:
477 2392 564 2439 nunc
588 2372 652 2437 sibi
674 2371 797 2438 harena
820 2391 896 2436 suos

108 2461 268 2528 Vindicat
293 2464 436 2526 extremo
459 2461 514 2545 qui
536 2461 602 2528 iam
626 2462 686 2525 sub
710 2461 774 2524 fine
797 2457 988 2524 Decembris
1091 2475 1126 2524 35

154 2549 361 2634 Falcigerum
383 2550 516 2632 placant
538 2549 695 2634 sanguine
719 2548 928 2634 caeligenam.

184 2783 216 2832 11
238 2777 360 2846 quatuor
380 2776 423 2846 71
440 2777 519 2831 annis
541 2775 569 2830 V
583 2792 652 2832 corr.
667 2776 799 2848 Lopdaa.
874 2781 907 2830 15
926 2790 994 2844 opes
1015 2773 1042 2828 V
1057 2788 1127 2830 corr.

110 2848 317 2931 senuaar
381 2853 414 2902 re
433 2847 494 2902 aaa
515 2846 542 2901 V
603 2853 635 2902 rc
655 2847 817 2918 supplicem
840 2845 868 2900 r
932 2852 967 2900 24
985 2845 1128 2900 creusam
1252 2821 1257 2844 ⁵

115 2919 173 2990 V¹l
195 2920 268 2974 ratrs
287 2917 381 2973 siccae
404 2917 431 2972 V
446 2934 515 2974 corr.
535 2918 666 2988 mutua
739 2924 773 2973 25
791 2917 877 2972 taetri
900 2917 937 2971 7ι
1009 2922 1044 2972 28
1062 2917 1129 2970 abet

114 2991 152 3045 V¹
208 2996 243 3045 29
263 2987 431 3045 dionisiacos
455 2988 482 3043 V
534 2995 569 3044 50
587 2988 659 3044 liuor
682 2989 719 3043 V¹
735 2993 738 3054 1
755 2988 809 3044 tibi
827 2989 943 3044 Scluatl
961 3005 1022 3044 cum
1040 2988 1128 3042 Heia·

109 3064 152 3116 sio
221 3066 256 3116 31
276 3059 375 3114 aedilis
397 3059 440 3128 71
456 3059 534 3130 plaut
558 3059 594 3114 V¹
662 3066 696 3114 32
716 3060 777 3115 dita
799 3060 826 3115 V
886 3066 920 3115 38
939 3059 1031 3133 prelia
1050 3061 1076 3130 (p
1095 3073 1129 3112 ea

111 3133 193 3202 eal.)
221 3132 247 3186 V
300 3137 336 3186 34
354 3147 439 3186 arena
463 3130 499 3184 1⁷¹
553 3137 587 3186 36
607 3131 771 3202 sauguinem
795 3130 831 3184 V¹
850 3133 889 3200 (m
909 3132 994 3200 antiq.
1013 3147 1047 3184 m.
1066 3130 1128 3196 dcl.)
