2516 3954
474 247 510 258 -
560 229 680 276 LXXXV
729 247 767 258 ··-

170 381 208 436 V.
239 368 425 454 Sulpicia
450 370 515 435 uid.
533 369 649 455 Peiper
668 369 797 436 Ueberl.
816 393 846 455 p.
865 370 939 437 251.
963 371 1128 437 Baehrens

103 458 205 524 PLM
229 459 262 523 V
280 459 322 524 91
339 481 409 544 sqq.

172 546 301 612 XXIII.
336 548 416 612 satis
445 548 484 612 de
511 548 562 613 his
591 547 874 632 epigrammatis*)
899 548 1020 614 dietum
1043 572 1128 616 com-

104 637 323 702 mentationis
347 658 438 701 meae
462 659 531 720 cap.
550 636 600 700 ΙΙΙ
623 661 653 722 p.
674 637 862 702 ens—256.

401 801 608 910 Palaeotypa
630 841 839 897 Ausonlana.

174 937 225 1002 De
260 937 403 1002 editione
432 939 577 1023 principe
605 938 900 1004 Bartholomaei
928 938 1129 1004 Girardini

112 1025 248 1092 Vercellis
266 1029 355 1092 1472
376 1025 441 1090 uid.
463 1051 495 1112 p.
513 1025 648 1092 LXXII.

174 1113 261 1179 Eam
291 1115 485 1199 sequebatur
508 1115 753 1180 Mediolanmsis
775 1137 804 1180 a.
827 1121 912 1182 1490
934 1119 1046 1181 curata
1069 1117 1128 1181 sub

111 1203 246 1288 Georgii
280 1203 425 1268 Merulae
457 1205 610 1287 auspiciis
643 1205 685 1268 ab
714 1203 815 1270 Iullo
843 1204 1011 1270 Aemilio
1039 1203 1129 1269 Fer·

107 1292 214 1357 rario
248 1292 338 1375 typis
371 1290 696 1358 Scinnenzellerianis.
742 1295 780 1357 de
813 1316 877 1378 qua
909 1294 995 1379 quod
1027 1316 1130 1377 nuper

110 1381 244 1465 scripsit
258 1379 457 1447 Domenicus
472 1379 601 1447 Carutti
620 1378 674 1468 (de
689 1381 830 1448 odilione
846 1383 982 1450 Ausonii
997 1405 1025 1448 a.
1042 1383 1129 1447 1490

108 1492 126 1535 a
149 1467 407 1534 Seinzenzellero
429 1469 664 1536 Mediolanensi
686 1470 846 1554 impressa
869 1474 902 1535 et
925 1473 963 1536 de
988 1471 1128 1536 editione

107 1557 237 1624 Veneta
270 1559 349 1623 anni
380 1559 479 1642 1496,
510 1559 557 1622 in:
589 1558 748 1623 Memoria
781 1560 865 1624 della
892 1583 917 1624 r.
945 1560 1129 1625 accademia

111 1647 191 1712 delle
221 1647 349 1713 scienze
374 1647 407 1712 di
433 1647 553 1713 Torino
572 1646 614 1711 ΙΙ.
638 1649 719 1712 serie
742 1651 765 1713 t.
790 1649 831 1714 28
856 1671 887 1733 p.
905 1647 948 1713 23
964 1646 1039 1736 so),
1068 1671 1128 1734 ego

111 1757 176 1801 non
210 1735 288 1800 uidi.
329 1736 365 1800 in
398 1759 435 1800 ea
463 1735 630 1802 Ferrarius
663 1758 787 1802 errores
819 1737 945 1822 aliquot
972 1738 1129 1822 principis

108 1824 261 1890 editionis
292 1825 485 1911 uestigauit,
511 1847 615 1910 panca
642 1827 786 1891 earmina
811 1827 944 1892 meliore
967 1827 1052 1890 libro
1077 1828 1130 1890 ad-

108 1914 195 1978 iutus
225 1913 422 1979 correctiora
446 1914 560 1997 edidit,
589 1913 726 1980 Vrbium
749 1915 934 2002 fragmenta
957 1937 995 1980 ex
1019 1915 1128 1980 oodIoe

110 1999 138 2068 S.
160 2001 335 2088 Eustorgii
359 2001 516 2068 adiunxit.

174 2091 329 2176 Repetite
357 2094 406 2156 est
433 2091 513 2157 haec
542 2091 643 2157 editio
668 2091 801 2157 Venetie's
818 2097 904 2158 1494
931 2092 1129 2176 tertiumque

112 2183 143 2243 et
173 2181 288 2245 multis
321 2179 402 2244 locis
436 2184 613 2245 correctam
646 2184 680 2243 et
710 2181 888 2245 auctiorem
920 2203 991 2246 eam
1021 2181 1129 2246 emisit

110 2266 372 2352 Hieronymus
387 2269 581 2334 Auentius
601 2269 733 2335 Venetia's
746 2274 848 2335 1496:
871 2292 948 2334 nam
968 2270 1128 2356 epigram·

109 2361 196 2420 mata
214 2355 341 2440 XVIII,
364 2356 501 2422 Ausonii
525 2380 608 2442 quae
635 2380 704 2423 esse
724 2358 925 2444 uidebantur,
950 2359 1127 2425 aBartho-

110 2444 235 2510 lomaeo
265 2445 394 2510 Merula
425 2451 594 2531 acceperat
623 2447 757 2512 inuenta
784 2448 1005 2532 superioribus
1034 2449 1128 2513 annis

110 2531 285 2599 Mediolani
315 2535 357 2598 ab
380 2533 553 2600 Francisco
577 2533 700 2600 Nursio
727 2541 825 2621 poeta
847 2535 1027 2603 Veronensi
1051 2533 1128 2621 (uid.

110 2617 192 2687 infra
214 2647 248 2708 p.
266 2620 471 2711 419-427).
508 2628 606 2710 atque
633 2624 718 2690 hanc
742 2626 925 2710 spuriorum
949 2626 1128 2690 carminum

111 2711 225 2777 seriem
260 2710 354 2796 (nam
385 2716 515 2796 praeter
547 2735 647 2778 unum
678 2735 774 2779 nemo
807 2714 870 2778 fuit
899 2715 1043 2780 omnium
1072 2715 1128 2799 qui

110 2800 256 2865 Ausonio
291 2822 424 2885 operam
457 2807 633 2886 nauarent,
665 2803 716 2868 cui
746 2824 813 2868 non
844 2803 1053 2888 probauerim
1086 2805 1127 2868 ab

110 2890 255 2956 Ausonio
280 2911 415 2973 prorsus
439 2891 564 2956 alienos
587 2892 647 2956 hos
671 2891 757 2956 fetus
781 2913 851 2956 esse
875 2893 922 2957 eis
941 2915 1024 2977 quae
1043 2914 1127 2957 eom-

110 2977 321 3043 mentationis
341 3000 432 3043 meae
451 2981 557 3064 capite
570 2979 620 3043 III
634 3003 665 3064 p.
677 2980 854 3046 nnc—256
874 2977 1022 3068 exposui)
1038 2983 1128 3046 auxit

109 3153 197 3208 1101180
219 3153 295 3208 Soal.
318 3151 342 3222 Q
362 3157 396 3206 61
425 3152 575 3224 (Scaligeri
601 3171 687 3208 manu
712 3155 869 3226 descriptus
893 3171 927 3209 ex
950 3154 1128 3226 Ouiaeiano);

109 3224 229 3279 nondum
248 3223 349 3279 collati
368 3222 464 3280 secu.
479 3229 537 3281 248
561 3225 676 3280 Viodcb.
693 3230 746 3281 143
765 3243 787 3280 s.
802 3225 876 3281 XIII.

176 3296 201 3364 *)
222 3311 321 3352 eorum
341 3311 407 3364 pers
426 3311 461 3349 ex
473 3295 578 3350 Aldina
596 3295 721 3351 editione
741 3297 885 3367 descripta
901 3296 1006 3366 legitur
1020 3294 1050 3350 in
1065 3298 1127 3354 eod.

110 3365 294 3423 Ambrosiano
315 3366 344 3419 P
356 3369 395 3421 83
408 3383 467 3436 sup.
488 3368 578 3421 chart.
599 3387 619 3423 s.
634 3367 699 3422 XVI
720 3371 795 3439 (oum
810 3367 929 3422 Vibium
948 3367 1079 3438 catalogo
1099 3374 1128 3424 et

109 3437 253 3507 Epistulae
273 3436 311 3492 ad
333 3436 464 3491 Ursulum
483 3456 528 3492 uu.
550 3444 655 3492 14-24
674 3442 703 3494 et
720 3440 782 3494 ueri
802 3439 919 3495 Ausonii
936 3439 1126 3510 epigramma-

108 3508 444 3637 811ἁ1γ1>10111881ο8204
463 3507 543 3578 (olim
558 3509 735 3579 Telleriano).
755 3510 789 3566 cf.
806 3511 916 3566 Ueterl.
932 3516 984 3566 279
1004 3509 1127 3567 Schenkl

107 3596 132 3647 p.
223 3583 236 3636 l
283 3599 310 3636 n.
329 3585 371 3634 14.
