2540 3962
567 799 640 866 XV.

293 943 499 1034 <LIBRI
539 943 617 1016 DE
659 943 914 1036 Pusula>

479 1080 763 1148 OONOLVSIO.'

43 1279 100 1329 [147]
281 1257 303 1316 1.
330 1256 515 1314 AVSONIVS
533 1256 714 1312 HESPERIO
733 1249 828 1312 FILIO
848 1257 924 1312 SAL.

95 1385 216 1472 Ignota
240 1388 391 1450 aeternae
412 1406 453 1449 ne
477 1385 543 1449 sint
565 1385 627 1449 tibi
650 1389 800 1469 tempora
821 1385 959 1470 Romae,

139 1473 286 1558 Regibus
310 1478 344 1538 et
365 1478 496 1558 patrum
519 1472 617 1538 dueta
640 1475 700 1538 sub
723 1474 883 1559 imperiis,

95 1562 228 1650 Digessi
249 1562 354 1628 fastos
378 1565 411 1628 et
432 1563 567 1628 nomina
588 1561 752 1647 praepetis
777 1564 861 1645 aeui,

141 1651 263 1736 Sparsa
286 1652 395 1716 iaoent
418 1649 546 1717 Latiam
569 1651 598 1714 si
621 1672 684 1734 qua
706 1673 764 1735 per
787 1651 967 1718 historiam.

96 1737 147 1804 Sit
168 1745 243 1805 tuus
266 1739 321 1806 hio
344 1740 482 1824 fruetus3
506 1740 661 1825 uigilatas
685 1741 794 1824 aecipe
817 1744 944 1806 noctes:
1096 1759 1113 1808 5

140 1827 339 1913 Obsequitur
364 1828 472 1893 studio
494 1831 609 1893 nostra
631 1830 763 1893 lucerna
785 1832 853 1894 tuo.

95 1917 144 1982 Tu
168 1939 297 2002 quoque
320 1921 474 1983 uenturos
498 1917 713 2002 perlongum
737 1940 869 1984 consere
891 1916 1004 2004 Ianos,

138 2005 186 2071 Vt
208 2028 282 2071 mea
304 2006 441 2091 digessit
462 2005 584 2091 pagina
606 2007 809 2090 praeteritos.

95 2094 292 2180 Exemplum
315 2095 381 2160 iam
404 2095 508 2180 patris
530 2094 645 2178 habes,
668 2097 705 2159 ut
727 2095 878 2180 protinus
902 2098 935 2161 et
957 2099 990 2160 te

140 2182 307 2269 Adgreget
329 2183 483 2252 Ausoniis
506 2205 652 2268 purpura
674 2184 869 2253 oonsulibus.
1077 2203 1112 2253 10

43 2395 102 2444 [148]
247 2375 284 2432 Π,
308 2374 537 2431 SVPPVTATIO
555 2375 604 2429 AB
622 2375 721 2430 VRBE
741 2373 903 2432 CONDITA
920 2377 960 2431 IN

375 2453 624 2512 CONSVLATVM
644 2454 831 2511 NOSTRVM.

94 2581 202 2646 Annis
226 2581 376 2664 undecies
399 2587 530 2648 eentum
553 2582 712 2667 coniunge
737 2586 927 2669 quaternos,

96 2669 255 2736 Vndeoies
279 2692 443 2756 unumque
468 2691 564 2755 super
586 2671 755 2736 trieterida
776 2676 879 2739 neate.

95 2758 184 2824 Haec
208 2759 270 2824 erit
294 2763 444 2824 aeternae
469 2761 569 2824 series
592 2761 634 2824 ab
658 2761 784 2845 origine
805 2759 940 2829 Romae.

23 2936 77 2988 VZ
163 2933 177 2988 I
196 2932 344 2989 Conclusio
364 2964 397 2974 —
417 2933 484 3059 sat}
500 2935 541 2990 eia
563 2934 589 2988 V
605 2949 656 2990 aaa.
678 2934 704 2988 Τ
719 2935 794 2991 aliae
811 2937 909 2992 titulae
927 2941 966 2993 est
983 2938 1017 2992 ia
1034 2938 1073 2993 M
1075 2939 1111 3008 G,

92 3021 170 3075 qaam
188 3006 320 3060 transtuli
337 3009 402 3060 aute
419 3022 441 3060 a.
482 3005 544 3059 III
561 3008 565 3073 Ι
591 3005 699 3076 esperio
720 3006 747 3060 V
797 3012 885 3077 2sup
904 3007 941 3062 V¹
995 3015 1112 3079 tprae-

92 3076 166 3146 petis
188 3075 246 3132 Va
271 3076 395 3147 perpetis
416 3076 483 3131 ΖΜ
497 3083 544 3134 aa.
616 3076 682 3131 tsi
704 3077 772 3149 qua]
795 3077 807 3131 i
828 3084 891 3148 etq
914 3080 1030 3136 abrasae
1051 3081 1077 3135 Τ

92 3148 246 3202 tatoriam
268 3144 305 3200 V¹
369 3152 385 3201 5
407 3148 515 3203 fruetus
536 3147 684 3219 uigilatas]
713 3150 799 3204 litte
825 3149 929 3220 uigilet
951 3153 1067 3208 abrasae
1088 3153 1116 3208 Τ

128 3223 145 3271 8
164 3218 283 3288 digessit
302 3218 328 3272 V
346 3219 489 3289 congessit
505 3219 533 3273 Ζ
585 3225 600 3274 9
620 3219 748 3288 exemplo
767 3221 874 3276 confide
892 3237 968 3278 meo:
989 3224 1030 3278 sia
1046 3240 1112 3294 pro-

93 3289 168 3344 tinus
188 3291 216 3344 Z
287 3295 320 3344 10
338 3291 476 3361 adgreget
498 3290 526 3344 V
541 3289 666 3360 applicet
684 3292 711 3345 Z

49 3381 78 3432 V
162 3377 189 3430 11
211 3379 291 3444 tabat
309 3378 397 3436 Vota
411 3379 440 3433 Z
504 3378 666 3434 rundenos
685 3397 826 3449 unumque
840 3381 993 3448 Relaadaee,
1011 3399 1111 3437 unam-

93 3463 148 3517 que
166 3449 290 3520 Scala'per
302 3457 330 3517 1,
343 3457 396 3517 21,
418 3449 545 3506 undenos
563 3467 704 3520 unamque
723 3451 864 3509 Baehrens
936 3459 953 3508 3
971 3455 1004 3509 ta
1022 3470 1110 3527 marg.

94 3521 211 3590 antiqua
229 3537 264 3577 aa.
284 3521 409 3579 CXLVH
432 3522 460 3577 V
