<?xml version="1.0" encoding="UTF-8"?>
<!DOCTYPE html PUBLIC "-//W3C//DTD XHTML 1.0 Transitional//EN"
    "http://www.w3.org/TR/xhtml1/DTD/xhtml1-transitional.dtd">
<html xmlns="http://www.w3.org/1999/xhtml" xml:lang="en" lang="en">
 <head>
  <title>
</title>
<meta http-equiv="Content-Type" content="text/html;charset=utf-8" />
  <meta name='ocr-system' content='tesseract 3.04.00' />
  <meta name='ocr-capabilities' content='ocr_page ocr_carea ocr_par ocr_line ocrx_word'/>
</head>
<body>
  <div class='ocr_page' id='page_1' title='image "./decimimagniavso01ausogoog_0167.png"; bbox 0 0 2532 3954; ppageno 0'>
   <div class='ocr_carea' id='block_1_1' title="bbox 546 168 761 232">
    <p class='ocr_par' dir='ltr' id='par_1_1' title="bbox 546 168 761 232">
     <span class='ocr_line' id='line_1_1' title="bbox 546 168 761 232; baseline 0.005 -19"><span class='ocrx_word' id='word_1_1' title='bbox 546 168 761 232; x_wconf 79' lang='grc'><strong>-30-</strong></span> 
     </span>
    </p>
   </div>
   <div class='ocr_carea' id='block_1_2' title="bbox 145 327 1177 858">
    <p class='ocr_par' dir='ltr' id='par_1_2' title="bbox 145 327 996 502">
     <span class='ocr_line' id='line_1_2' title="bbox 145 327 996 394; baseline -0.001 0"><span class='ocrx_word' id='word_1_2' title='bbox 145 328 317 394; x_wconf 87' lang='lat' dir='ltr'><strong>Praeditus</strong></span> <span class='ocrx_word' id='word_1_3' title='bbox 341 333 374 393; x_wconf 90' lang='lat' dir='ltr'><strong>et</strong></span> <span class='ocrx_word' id='word_1_4' title='bbox 396 328 481 393; x_wconf 87' lang='lat' dir='ltr'><strong>uitas</strong></span> <span class='ocrx_word' id='word_1_5' title='bbox 504 328 675 394; x_wconf 88' lang='lat' dir='ltr'><strong>hominum</strong></span> <span class='ocrx_word' id='word_1_6' title='bbox 697 327 825 392; x_wconf 84' lang='lat' dir='ltr'><strong>ratione</strong></span> <span class='ocrx_word' id='word_1_7' title='bbox 848 327 996 394; x_wconf 84' lang='lat' dir='ltr'><strong>medendi</strong></span> 
     </span>
     <span class='ocr_line' id='line_1_3' title="bbox 191 415 885 502; baseline 0 -20"><span class='ocrx_word' id='word_1_8' title='bbox 191 417 363 502; x_wconf 88' lang='lat' dir='ltr'><strong>Porrigere</strong></span> <span class='ocrx_word' id='word_1_9' title='bbox 387 421 420 482; x_wconf 90' lang='lat' dir='ltr'><strong>et</strong></span> <span class='ocrx_word' id='word_1_10' title='bbox 443 417 521 482; x_wconf 84' lang='lat' dir='ltr'><strong>fatis</strong></span> <span class='ocrx_word' id='word_1_11' title='bbox 545 415 745 500; x_wconf 86' lang='lat' dir='ltr'><strong>amplificare</strong></span> <span class='ocrx_word' id='word_1_12' title='bbox 768 437 885 482; x_wconf 88' lang='lat' dir='ltr'><strong>moras.</strong></span> 
     </span>
    </p>

    <p class='ocr_par' dir='ltr' id='par_1_3' title="bbox 145 505 1177 680">
     <span class='ocr_line' id='line_1_4' title="bbox 145 505 1177 592; baseline 0.003 -21"><span class='ocrx_word' id='word_1_13' title='bbox 145 505 224 572; x_wconf 83' lang='lat' dir='ltr'><strong>Inde</strong></span> <span class='ocrx_word' id='word_1_14' title='bbox 248 510 281 572; x_wconf 91' lang='lat' dir='ltr'><strong>et</strong></span> <span class='ocrx_word' id='word_1_15' title='bbox 303 505 491 592; x_wconf 81' lang='lat' dir='ltr'><strong>perfunctae</strong></span> <span class='ocrx_word' id='word_1_16' title='bbox 513 510 625 570; x_wconf 90' lang='lat' dir='ltr'><strong>manet</strong></span> <span class='ocrx_word' id='word_1_17' title='bbox 646 505 727 570; x_wconf 87' lang='lat' dir='ltr'><strong>haec</strong></span> <span class='ocrx_word' id='word_1_18' title='bbox 749 505 931 570; x_wconf 85' lang='lat' dir='ltr'><strong>reuerentia</strong></span> <span class='ocrx_word' id='word_1_19' title='bbox 955 506 1057 591; x_wconf 86' lang='lat' dir='ltr'><strong>uitae,</strong></span> <span class='ocrx_word' id='word_1_20' title='bbox 1141 525 1177 574; x_wconf 82' lang='lat'><strong>15</strong></span> 
     </span>
     <span class='ocr_line' id='line_1_5' title="bbox 190 593 1001 680; baseline 0 -20"><span class='ocrx_word' id='word_1_21' title='bbox 190 595 293 661; x_wconf 87' lang='lat' dir='ltr'><strong>Aetas</strong></span> <span class='ocrx_word' id='word_1_22' title='bbox 316 599 430 661; x_wconf 85' lang='lat' dir='ltr'><strong>nostra</strong></span> <span class='ocrx_word' id='word_1_23' title='bbox 453 595 503 659; x_wconf 92' lang='lat' dir='ltr'><strong>illi</strong></span> <span class='ocrx_word' id='word_1_24' title='bbox 527 594 612 680; x_wconf 89' lang='lat' dir='ltr'><strong>quod</strong></span> <span class='ocrx_word' id='word_1_25' title='bbox 635 593 724 659; x_wconf 87' lang='lat' dir='ltr'><strong>dedit</strong></span> <span class='ocrx_word' id='word_1_26' title='bbox 746 593 832 659; x_wconf 92' lang='lat' dir='ltr'><strong>hunc</strong></span> <span class='ocrx_word' id='word_1_27' title='bbox 854 594 1001 660; x_wconf 91' lang='lat' dir='ltr'><strong>titulum:</strong></span> 
     </span>
    </p>

    <p class='ocr_par' dir='ltr' id='par_1_4' title="bbox 145 682 1062 858">
     <span class='ocr_line' id='line_1_6' title="bbox 145 682 1062 769; baseline 0 -19"><span class='ocrx_word' id='word_1_28' title='bbox 145 682 193 750; x_wconf 89' lang='lat' dir='ltr'><strong>Vt</strong></span> <span class='ocrx_word' id='word_1_29' title='bbox 215 684 342 749; x_wconf 91' lang='lat' dir='ltr'><strong>nullum</strong></span> <span class='ocrx_word' id='word_1_30' title='bbox 364 683 544 768; x_wconf 85' lang='lat' dir='ltr'><strong>Ausonius,</strong></span> <span class='ocrx_word' id='word_1_31' title='bbox 569 705 664 768; x_wconf 92' lang='lat' dir='ltr'><strong>quem</strong></span> <span class='ocrx_word' id='word_1_32' title='bbox 687 684 879 767; x_wconf 79' lang='lat' dir='ltr'><strong>sectaretur,</strong></span> <span class='ocrx_word' id='word_1_33' title='bbox 902 682 1062 769; x_wconf 88' lang='lat' dir='ltr'><strong>habebat,</strong></span> 
     </span>
     <span class='ocr_line' id='line_1_7' title="bbox 192 771 965 858; baseline 0 -20"><span class='ocrx_word' id='word_1_34' title='bbox 192 771 245 839; x_wconf 84' lang='lat' dir='ltr'><strong>Sic</strong></span> <span class='ocrx_word' id='word_1_35' title='bbox 268 774 406 857; x_wconf 90' lang='lat' dir='ltr'><strong>nullum,</strong></span> <span class='ocrx_word' id='word_1_36' title='bbox 428 773 485 858; x_wconf 90' lang='lat' dir='ltr'><strong>qui</strong></span> <span class='ocrx_word' id='word_1_37' title='bbox 508 794 543 837; x_wconf 89' lang='lat' dir='ltr'><strong>se</strong></span> <span class='ocrx_word' id='word_1_38' title='bbox 565 793 650 837; x_wconf 87' lang='lat' dir='ltr'><strong>nuno</strong></span> <span class='ocrx_word' id='word_1_39' title='bbox 674 771 834 856; x_wconf 85' lang='lat' dir='ltr'><strong>imitetur,</strong></span> <span class='ocrx_word' id='word_1_40' title='bbox 857 772 965 838; x_wconf 90' lang='lat' dir='ltr'><strong>habet.</strong></span> 
     </span>
    </p>
   </div>
   <div class='ocr_carea' id='block_1_3' title="bbox 92 980 916 1054">
    <p class='ocr_par' dir='ltr' id='par_1_5' title="bbox 92 980 916 1054">
     <span class='ocr_line' id='line_1_8' title="bbox 92 980 916 1054; baseline -0.011 -11"><span class='ocrx_word' id='word_1_41' title='bbox 92 1003 152 1054; x_wconf 84' lang='lat'>[161]</span> <span class='ocrx_word' id='word_1_42' title='bbox 386 981 419 1038; x_wconf 92' lang='lat' dir='ltr'><strong>II.</strong></span> <span class='ocrx_word' id='word_1_43' title='bbox 445 980 601 1036; x_wconf 79' lang='lat' dir='ltr'><strong>AEMILIA</strong></span> <span class='ocrx_word' id='word_1_44' title='bbox 619 980 760 1036; x_wconf 78' lang='lat' dir='ltr'>AEONIA</span> <span class='ocrx_word' id='word_1_45' title='bbox 778 980 916 1036; x_wconf 72' lang='lat' dir='ltr'><strong>MATER.</strong></span> 
     </span>
    </p>
   </div>
   <div class='ocr_carea' id='block_1_4' title="bbox 144 1107 1033 1817">
    <p class='ocr_par' dir='ltr' id='par_1_6' title="bbox 144 1107 1033 1817">
     <span class='ocr_line' id='line_1_9' title="bbox 145 1107 1012 1194; baseline 0 -20"><span class='ocrx_word' id='word_1_46' title='bbox 145 1110 298 1174; x_wconf 86' lang='lat' dir='ltr'><strong>Proxima</strong></span> <span class='ocrx_word' id='word_1_47' title='bbox 320 1113 371 1194; x_wconf 86' lang='lat' dir='ltr'><strong>tu,</strong></span> <span class='ocrx_word' id='word_1_48' title='bbox 395 1109 542 1194; x_wconf 80' lang='lat' dir='ltr'><strong>genetrix</strong></span> <span class='ocrx_word' id='word_1_49' title='bbox 564 1108 704 1188; x_wconf 78' lang='lat' dir='ltr'><strong>Aeonis,</strong></span> <span class='ocrx_word' id='word_1_50' title='bbox 728 1109 887 1194; x_wconf 87' lang='lat' dir='ltr'><strong>sanguine</strong></span> <span class='ocrx_word' id='word_1_51' title='bbox 910 1107 1012 1174; x_wconf 85' lang='lat' dir='ltr'><strong>mixto</strong></span> 
     </span>
     <span class='ocr_line' id='line_1_10' title="bbox 190 1197 905 1282; baseline -0.003 -19"><span class='ocrx_word' id='word_1_52' title='bbox 190 1199 359 1264; x_wconf 82' lang='lat' dir='ltr'><strong>Tarbellae</strong></span> <span class='ocrx_word' id='word_1_53' title='bbox 383 1199 497 1263; x_wconf 90' lang='lat' dir='ltr'><strong>matris</strong></span> <span class='ocrx_word' id='word_1_54' title='bbox 520 1198 628 1282; x_wconf 89' lang='lat' dir='ltr'><strong>patris</strong></span> <span class='ocrx_word' id='word_1_55' title='bbox 647 1202 680 1264; x_wconf 89' lang='lat' dir='ltr'><strong>et</strong></span> <span class='ocrx_word' id='word_1_56' title='bbox 703 1197 870 1263; x_wconf 87' lang='lat' dir='ltr'><strong>Haeduioi.</strong></span> <span class='ocrx_word' id='word_1_57' title='bbox 902 1267 905 1270; x_wconf 52' lang='grc'>,</span> 
     </span>
     <span class='ocr_line' id='line_1_11' title="bbox 145 1285 966 1372; baseline 0 -21"><span class='ocrx_word' id='word_1_58' title='bbox 145 1285 327 1372; x_wconf 86' lang='lat' dir='ltr'><strong>Morigerae</strong></span> <span class='ocrx_word' id='word_1_59' title='bbox 351 1287 459 1352; x_wconf 85' lang='lat' dir='ltr'><strong>uxoris</strong></span> <span class='ocrx_word' id='word_1_60' title='bbox 483 1287 586 1352; x_wconf 88' lang='lat' dir='ltr'><strong>uirtus</strong></span> <span class='ocrx_word' id='word_1_61' title='bbox 611 1287 662 1352; x_wconf 92' lang='lat' dir='ltr'><strong>cui</strong></span> <span class='ocrx_word' id='word_1_62' title='bbox 685 1287 824 1372; x_wconf 89' lang='lat' dir='ltr'><strong>contigit</strong></span> <span class='ocrx_word' id='word_1_63' title='bbox 847 1286 966 1370; x_wconf 87' lang='lat' dir='ltr'><strong>omnis,</strong></span> 
     </span>
     <span class='ocr_line' id='line_1_12' title="bbox 191 1375 862 1461; baseline -0.001 -21"><span class='ocrx_word' id='word_1_64' title='bbox 191 1376 292 1442; x_wconf 78' lang='lat' dir='ltr'><strong>Vama</strong></span> <span class='ocrx_word' id='word_1_65' title='bbox 314 1375 488 1461; x_wconf 84' lang='lat' dir='ltr'><strong>pudicitiae</strong></span> <span class='ocrx_word' id='word_1_66' title='bbox 511 1375 724 1460; x_wconf 90' lang='lat' dir='ltr'><strong>lanificaeque</strong></span> <span class='ocrx_word' id='word_1_67' title='bbox 746 1397 862 1440; x_wconf 90' lang='lat' dir='ltr'><strong>manus</strong></span> 
     </span>
     <span class='ocr_line' id='line_1_13' title="bbox 146 1462 895 1551; baseline -0.004 -21"><span class='ocrx_word' id='word_1_68' title='bbox 146 1462 361 1551; x_wconf 79' lang='lat' dir='ltr'><strong>Coniugiique</strong></span> <span class='ocrx_word' id='word_1_69' title='bbox 384 1465 462 1545; x_wconf 87' lang='lat' dir='ltr'><strong>fides</strong></span> <span class='ocrx_word' id='word_1_70' title='bbox 487 1470 520 1530; x_wconf 92' lang='lat' dir='ltr'><strong>et</strong></span> <span class='ocrx_word' id='word_1_71' title='bbox 543 1467 639 1529; x_wconf 88' lang='lat' dir='ltr'><strong>natos</strong></span> <span class='ocrx_word' id='word_1_72' title='bbox 664 1486 740 1529; x_wconf 92' lang='lat' dir='ltr'><strong>cura</strong></span> <span class='ocrx_word' id='word_1_73' title='bbox 762 1463 895 1548; x_wconf 87' lang='lat' dir='ltr'><strong>regendi</strong></span> 
     </span>
     <span class='ocr_line' id='line_1_14' title="bbox 188 1553 865 1640; baseline -0.003 -22"><span class='ocrx_word' id='word_1_74' title='bbox 188 1553 233 1619; x_wconf 81' lang='lat' dir='ltr'><strong>Et</strong></span> <span class='ocrx_word' id='word_1_75' title='bbox 256 1558 400 1640; x_wconf 88' lang='lat' dir='ltr'><strong>grauitas</strong></span> <span class='ocrx_word' id='word_1_76' title='bbox 424 1555 525 1620; x_wconf 91' lang='lat' dir='ltr'><strong>comis</strong></span> <span class='ocrx_word' id='word_1_77' title='bbox 548 1555 698 1638; x_wconf 85' lang='lat' dir='ltr'><strong>laetaque</strong></span> <span class='ocrx_word' id='word_1_78' title='bbox 722 1553 865 1618; x_wconf 79' lang='lat' dir='ltr'><strong>serietas.</strong></span> 
     </span>
     <span class='ocr_line' id='line_1_15' title="bbox 144 1639 954 1728; baseline -0.004 -21"><span class='ocrx_word' id='word_1_79' title='bbox 144 1642 322 1709; x_wconf 89' lang='lat' dir='ltr'><strong>Aeternum</strong></span> <span class='ocrx_word' id='word_1_80' title='bbox 345 1643 490 1728; x_wconf 88' lang='lat' dir='ltr'><strong>placidos</strong></span> <span class='ocrx_word' id='word_1_81' title='bbox 514 1639 625 1707; x_wconf 88' lang='lat' dir='ltr'><strong>manes</strong></span> <span class='ocrx_word' id='word_1_82' title='bbox 649 1643 807 1728; x_wconf 86' lang='lat' dir='ltr'><strong>conplexa</strong></span> <span class='ocrx_word' id='word_1_83' title='bbox 829 1641 954 1724; x_wconf 86' lang='lat' dir='ltr'><strong>mariti,</strong></span> 
     </span>
     <span class='ocr_line' id='line_1_16' title="bbox 187 1731 1033 1817; baseline -0.002 -21"><span class='ocrx_word' id='word_1_84' title='bbox 187 1731 274 1797; x_wconf 89' lang='lat' dir='ltr'><strong>Viua</strong></span> <span class='ocrx_word' id='word_1_85' title='bbox 296 1735 406 1797; x_wconf 92' lang='lat' dir='ltr'><strong>torum</strong></span> <span class='ocrx_word' id='word_1_86' title='bbox 429 1731 605 1817; x_wconf 88' lang='lat' dir='ltr'><strong>quondam,</strong></span> <span class='ocrx_word' id='word_1_87' title='bbox 628 1731 742 1796; x_wconf 88' lang='lat' dir='ltr'><strong>functa</strong></span> <span class='ocrx_word' id='word_1_88' title='bbox 765 1731 840 1796; x_wconf 87' lang='lat' dir='ltr'><strong>ioue</strong></span> <span class='ocrx_word' id='word_1_89' title='bbox 862 1731 1033 1796; x_wconf 89' lang='lat' dir='ltr'><strong>tumulum.</strong></span> 
     </span>
    </p>
   </div>
   <div class='ocr_carea' id='block_1_5' title="bbox 91 1939 1096 2022">
    <p class='ocr_par' dir='ltr' id='par_1_7' title="bbox 91 1939 1096 2022">
     <span class='ocr_line' id='line_1_17' title="bbox 91 1939 1096 2022; baseline -0.004 -22"><span class='ocrx_word' id='word_1_90' title='bbox 91 1961 149 2010; x_wconf 79' lang='lat' dir='ltr'><strong>[loa]</strong></span> <span class='ocrx_word' id='word_1_91' title='bbox 214 1941 261 1998; x_wconf 86' lang='lat'>111.</span> <span class='ocrx_word' id='word_1_92' title='bbox 291 1941 466 1997; x_wconf 81' lang='lat' dir='ltr'><strong>AEMILIVS</strong></span> <span class='ocrx_word' id='word_1_93' title='bbox 485 1941 639 1998; x_wconf 79' lang='lat' dir='ltr'>MAGNVS</span> <span class='ocrx_word' id='word_1_94' title='bbox 658 1940 841 1996; x_wconf 81' lang='lat' dir='ltr'><strong>ARBORIVS</strong></span> <span class='ocrx_word' id='word_1_95' title='bbox 860 1939 1096 2022; x_wconf 68' lang='lat' dir='ltr'><strong>Avvrtovavs,</strong></span> 
     </span>
    </p>
   </div>
   <div class='ocr_carea' id='block_1_6' title="bbox 142 2066 1168 2777">
    <p class='ocr_par' dir='ltr' id='par_1_8' title="bbox 144 2066 1168 2244">
     <span class='ocr_line' id='line_1_18' title="bbox 144 2066 1168 2156; baseline 0.001 -22"><span class='ocrx_word' id='word_1_96' title='bbox 144 2066 242 2134; x_wconf 85' lang='lat' dir='ltr'><strong>Oulta</strong></span> <span class='ocrx_word' id='word_1_97' title='bbox 264 2070 346 2135; x_wconf 91' lang='lat' dir='ltr'><strong>mihi</strong></span> <span class='ocrx_word' id='word_1_98' title='bbox 369 2075 419 2137; x_wconf 91' lang='lat' dir='ltr'><strong>est</strong></span> <span class='ocrx_word' id='word_1_99' title='bbox 441 2070 546 2156; x_wconf 89' lang='lat' dir='ltr'><strong>pietas</strong></span> <span class='ocrx_word' id='word_1_100' title='bbox 569 2072 664 2153; x_wconf 88' lang='lat' dir='ltr'><strong>patre</strong></span> <span class='ocrx_word' id='word_1_101' title='bbox 686 2069 829 2153; x_wconf 90' lang='lat' dir='ltr'><strong>primum</strong></span> <span class='ocrx_word' id='word_1_102' title='bbox 848 2071 881 2133; x_wconf 90' lang='lat' dir='ltr'><strong>et</strong></span> <span class='ocrx_word' id='word_1_103' title='bbox 899 2070 1003 2132; x_wconf 88' lang='lat' dir='ltr'><strong>matre</strong></span> <span class='ocrx_word' id='word_1_104' title='bbox 1022 2070 1168 2155; x_wconf 86' lang='lat' dir='ltr'><strong>uocatis,</strong></span> 
     </span>
     <span class='ocr_line' id='line_1_19' title="bbox 188 2157 818 2244; baseline -0.002 -22"><span class='ocrx_word' id='word_1_105' title='bbox 188 2157 262 2223; x_wconf 87' lang='lat' dir='ltr'><strong>Dici</strong></span> <span class='ocrx_word' id='word_1_106' title='bbox 286 2163 336 2225; x_wconf 91' lang='lat' dir='ltr'><strong>set</strong></span> <span class='ocrx_word' id='word_1_107' title='bbox 358 2159 481 2244; x_wconf 88' lang='lat' dir='ltr'><strong>refugit</strong></span> <span class='ocrx_word' id='word_1_108' title='bbox 503 2160 618 2224; x_wconf 91' lang='lat' dir='ltr'><strong>tertius</strong></span> <span class='ocrx_word' id='word_1_109' title='bbox 641 2157 818 2242; x_wconf 82' lang='lat' dir='ltr'><strong>Arborius,</strong></span> 
     </span>
    </p>

    <p class='ocr_par' dir='ltr' id='par_1_9' title="bbox 144 2245 1133 2421">
     <span class='ocr_line' id='line_1_20' title="bbox 144 2245 1133 2332; baseline 0.001 -21"><span class='ocrx_word' id='word_1_110' title='bbox 144 2246 245 2324; x_wconf 83' lang='lat' dir='ltr'><strong>Quem</strong></span> <span class='ocrx_word' id='word_1_111' title='bbox 269 2248 411 2332; x_wconf 87' lang='lat' dir='ltr'><strong>primum</strong></span> <span class='ocrx_word' id='word_1_112' title='bbox 434 2268 613 2313; x_wconf 89' lang='lat' dir='ltr'><strong>memorare</strong></span> <span class='ocrx_word' id='word_1_113' title='bbox 636 2247 729 2312; x_wconf 87' lang='lat' dir='ltr'><strong>nefas</strong></span> <span class='ocrx_word' id='word_1_114' title='bbox 753 2245 833 2311; x_wconf 91' lang='lat' dir='ltr'><strong>mihi</strong></span> <span class='ocrx_word' id='word_1_115' title='bbox 856 2248 949 2329; x_wconf 89' lang='lat' dir='ltr'><strong>patre</strong></span> <span class='ocrx_word' id='word_1_116' title='bbox 973 2246 1133 2332; x_wconf 87' lang='lat' dir='ltr'><strong>secundo,</strong></span> 
     </span>
     <span class='ocr_line' id='line_1_21' title="bbox 187 2333 974 2421; baseline 0 -20"><span class='ocrx_word' id='word_1_117' title='bbox 187 2335 329 2402; x_wconf 87' lang='lat' dir='ltr'><strong>Rursum</strong></span> <span class='ocrx_word' id='word_1_118' title='bbox 352 2359 420 2403; x_wconf 88' lang='lat' dir='ltr'><strong>non</strong></span> <span class='ocrx_word' id='word_1_119' title='bbox 443 2337 583 2421; x_wconf 90' lang='lat' dir='ltr'><strong>primum</strong></span> <span class='ocrx_word' id='word_1_120' title='bbox 606 2355 725 2421; x_wconf 89' lang='lat' dir='ltr'><strong>ponere</strong></span> <span class='ocrx_word' id='word_1_121' title='bbox 748 2356 850 2420; x_wconf 89' lang='lat' dir='ltr'><strong>paene</strong></span> <span class='ocrx_word' id='word_1_122' title='bbox 873 2333 974 2401; x_wconf 85' lang='lat' dir='ltr'><strong>nefas.</strong></span> 
     </span>
    </p>

    <p class='ocr_par' dir='ltr' id='par_1_10' title="bbox 142 2407 1262 2601">
     <span class='ocr_line' id='line_1_22' title="bbox 142 2424 1162 2510; baseline 0 -20"><span class='ocrx_word' id='word_1_123' title='bbox 142 2424 327 2510; x_wconf 77' lang='lat' dir='ltr'><strong>Temperies</strong></span> <span class='ocrx_word' id='word_1_124' title='bbox 352 2425 536 2491; x_wconf 87' lang='lat' dir='ltr'><strong>adhibenda</strong></span> <span class='ocrx_word' id='word_1_125' title='bbox 582 2471 963 2492; x_wconf 88' lang='grc'><strong>........</strong></span> <span class='ocrx_word' id='word_1_126' title='bbox 1145 2441 1162 2490; x_wconf 77' lang='lat'><strong>5</strong></span> 
     </span>
     <span class='ocr_line' id='line_1_23' title="bbox 187 2511 1008 2601; baseline -0.001 -22"><span class='ocrx_word' id='word_1_127' title='bbox 187 2515 275 2580; x_wconf 82' lang='lat' dir='ltr'><strong>Ante</strong></span> <span class='ocrx_word' id='word_1_128' title='bbox 299 2515 395 2581; x_wconf 92' lang='lat' dir='ltr'><strong>alios:</strong></span> <span class='ocrx_word' id='word_1_129' title='bbox 419 2535 616 2601; x_wconf 90' lang='lat' dir='ltr'><strong>quamquam</strong></span> <span class='ocrx_word' id='word_1_130' title='bbox 639 2517 731 2598; x_wconf 88' lang='lat' dir='ltr'><strong>patre</strong></span> <span class='ocrx_word' id='word_1_131' title='bbox 755 2512 913 2577; x_wconf 87' lang='lat' dir='ltr'><strong>secundus</strong></span> <span class='ocrx_word' id='word_1_132' title='bbox 937 2511 1008 2578; x_wconf 88' lang='lat' dir='ltr'><strong>erit.</strong></span> 
     </span>
    </p>

    <p class='ocr_par' dir='ltr' id='par_1_11' title="bbox 142 2601 1017 2777">
     <span class='ocr_line' id='line_1_24' title="bbox 142 2601 932 2689; baseline -0.004 -21"><span class='ocrx_word' id='word_1_133' title='bbox 142 2602 192 2668; x_wconf 82' lang='lat' dir='ltr'><strong>Tu</strong></span> <span class='ocrx_word' id='word_1_134' title='bbox 215 2603 316 2669; x_wconf 87' lang='lat' dir='ltr'><strong>frater</strong></span> <span class='ocrx_word' id='word_1_135' title='bbox 339 2604 513 2689; x_wconf 83' lang='lat' dir='ltr'><strong>genetricis</strong></span> <span class='ocrx_word' id='word_1_136' title='bbox 537 2607 570 2668; x_wconf 86' lang='lat' dir='ltr'><strong>et</strong></span> <span class='ocrx_word' id='word_1_137' title='bbox 592 2602 754 2667; x_wconf 88' lang='lat' dir='ltr'><strong>unanimis</strong></span> <span class='ocrx_word' id='word_1_138' title='bbox 779 2601 932 2687; x_wconf 86' lang='lat' dir='ltr'><strong>genitori,</strong></span> 
     </span>
     <span class='ocr_line' id='line_1_25' title="bbox 185 2689 1017 2777; baseline 0 -21"><span class='ocrx_word' id='word_1_139' title='bbox 185 2691 231 2756; x_wconf 81' lang='lat' dir='ltr'><strong>Et</strong></span> <span class='ocrx_word' id='word_1_140' title='bbox 253 2692 333 2757; x_wconf 92' lang='lat' dir='ltr'><strong>mihi</strong></span> <span class='ocrx_word' id='word_1_141' title='bbox 358 2695 414 2777; x_wconf 91' lang='lat' dir='ltr'><strong>qui</strong></span> <span class='ocrx_word' id='word_1_142' title='bbox 436 2693 550 2777; x_wconf 88' lang='lat' dir='ltr'><strong>fueris,</strong></span> <span class='ocrx_word' id='word_1_143' title='bbox 574 2691 659 2777; x_wconf 91' lang='lat' dir='ltr'><strong>quod</strong></span> <span class='ocrx_word' id='word_1_144' title='bbox 683 2694 777 2776; x_wconf 88' lang='lat' dir='ltr'><strong>pater</strong></span> <span class='ocrx_word' id='word_1_145' title='bbox 800 2694 834 2756; x_wconf 91' lang='lat' dir='ltr'><strong>et</strong></span> <span class='ocrx_word' id='word_1_146' title='bbox 858 2689 1017 2776; x_wconf 81' lang='lat' dir='ltr'><strong>genetrix:</strong></span> 
     </span>
    </p>
   </div>
   <div class='ocr_carea' id='block_1_7' title="bbox 214 2853 1161 2992">
    <p class='ocr_par' dir='ltr' id='par_1_12' title="bbox 214 2853 1161 2992">
     <span class='ocr_line' id='line_1_26' title="bbox 214 2853 1161 2992; baseline 0 -70"><span class='ocrx_word' id='word_1_147' title='bbox 214 2873 246 2924; x_wconf 84' lang='lat'><strong>13</strong></span> <span class='ocrx_word' id='word_1_148' title='bbox 266 2853 380 2924; x_wconf 73' lang='lat' dir='ltr'><strong>madidi</strong></span> <span class='ocrx_word' id='word_1_149' title='bbox 401 2867 428 2923; x_wconf 98' lang='lat' dir='ltr'><strong><em>V</em></strong></span> <span class='ocrx_word' id='word_1_150' title='bbox 498 2872 530 2922; x_wconf 79' lang='lat'><strong>15</strong></span> <span class='ocrx_word' id='word_1_151' title='bbox 550 2867 755 2992; x_wconf 44' lang='lat' dir='ltr'><strong>perfun‘taebc</strong></span> <span class='ocrx_word' id='word_1_152' title='bbox 774 2867 822 2934; x_wconf 80' lang='lat' dir='ltr'><strong>ol.)</strong></span> <span class='ocrx_word' id='word_1_153' title='bbox 847 2865 874 2919; x_wconf 90' lang='lat' dir='ltr'><strong><em>V</em></strong></span> <span class='ocrx_word' id='word_1_154' title='bbox 896 2865 1044 2936; x_wconf 83' lang='lat' dir='ltr'><strong>perfuncto</strong></span> <span class='ocrx_word' id='word_1_155' title='bbox 1064 2865 1161 2922; x_wconf 81' lang='lat' dir='ltr'><strong>Bron-</strong></span> 
     </span>
    </p>
   </div>
   <div class='ocr_carea' id='block_1_8' title="bbox 140 2934 1005 2996">
    <p class='ocr_par' dir='ltr' id='par_1_13' title="bbox 140 2934 1005 2996">
     <span class='ocr_line' id='line_1_27' title="bbox 140 2934 1005 2996; baseline -0.005 -2"><span class='ocrx_word' id='word_1_156' title='bbox 140 2941 187 2996; x_wconf 81' lang='lat' dir='ltr'><strong>dcc</strong></span> <span class='ocrx_word' id='word_1_157' title='bbox 259 2944 292 2994; x_wconf 85' lang='grc'><strong>16</strong></span> <span class='ocrx_word' id='word_1_158' title='bbox 311 2939 418 2994; x_wconf 85' lang='lat' dir='ltr'><strong>titilum</strong></span> <span class='ocrx_word' id='word_1_159' title='bbox 442 2939 469 2993; x_wconf 91' lang='lat' dir='ltr'><strong><em>V</em></strong></span> <span class='ocrx_word' id='word_1_160' title='bbox 539 2936 696 2994; x_wconf 71' lang='lat' dir='ltr'><strong>Habebat</strong></span> <span class='ocrx_word' id='word_1_161' title='bbox 746 2937 754 2967; x_wconf 82' lang='lat'><strong>¹</strong></span> <span class='ocrx_word' id='word_1_162' title='bbox 827 2941 861 2991; x_wconf 87' lang='lat'><strong>18</strong></span> <span class='ocrx_word' id='word_1_163' title='bbox 880 2936 947 2992; x_wconf 90' lang='lat' dir='ltr'><strong>abet</strong></span> <span class='ocrx_word' id='word_1_164' title='bbox 968 2934 1005 2990; x_wconf 90' lang='lat' dir='ltr'><strong>V¹</strong></span> 
     </span>
    </p>
   </div>
   <div class='ocr_carea' id='block_1_9' title="bbox 140 3021 1165 3242">
    <p class='ocr_par' dir='ltr' id='par_1_14' title="bbox 140 3021 1165 3242">
     <span class='ocr_line' id='line_1_28' title="bbox 212 3021 1161 3094; baseline 0 -12"><span class='ocrx_word' id='word_1_165' title='bbox 212 3028 238 3082; x_wconf 95' lang='grc' dir='ltr'><strong>ΙΙ</strong></span> <span class='ocrx_word' id='word_1_166' title='bbox 256 3046 350 3084; x_wconf 73' lang='lat' dir='ltr'><strong>sunm</strong></span> <span class='ocrx_word' id='word_1_167' title='bbox 373 3027 400 3081; x_wconf 88' lang='lat' dir='ltr'><strong><em>V</em></strong></span> <span class='ocrx_word' id='word_1_168' title='bbox 469 3032 485 3080; x_wconf 77' lang='lat'>2</span> <span class='ocrx_word' id='word_1_169' title='bbox 505 3023 616 3080; x_wconf 88' lang='lat' dir='ltr'><strong>aeducii</strong></span> <span class='ocrx_word' id='word_1_170' title='bbox 634 3025 692 3094; x_wconf 81' lang='lat' dir='ltr'><strong>(ult.</strong></span> <span class='ocrx_word' id='word_1_171' title='bbox 713 3024 724 3078; x_wconf 93' lang='lat' dir='ltr'><strong>i</strong></span> <span class='ocrx_word' id='word_1_172' title='bbox 742 3025 778 3082; x_wconf 77' lang='lat' dir='ltr'><strong>ot.</strong></span> <span class='ocrx_word' id='word_1_173' title='bbox 798 3024 874 3093; x_wconf 76' lang='lat' dir='ltr'><strong>odd.)</strong></span> <span class='ocrx_word' id='word_1_174' title='bbox 898 3021 926 3078; x_wconf 96' lang='lat' dir='ltr'><strong><em>V</em></strong></span> <span class='ocrx_word' id='word_1_175' title='bbox 941 3038 1009 3078; x_wconf 84' lang='lat' dir='ltr'><strong>corr.</strong></span> <span class='ocrx_word' id='word_1_176' title='bbox 1025 3023 1161 3082; x_wconf 76' lang='lat' dir='ltr'><strong>Pithoeus</strong></span> 
     </span>
     <span class='ocr_line' id='line_1_29' title="bbox 146 3093 1165 3171; baseline -0.006 -14"><span class='ocrx_word' id='word_1_177' title='bbox 146 3100 260 3157; x_wconf 77' lang='lat' dir='ltr'><strong>Vinctus</strong></span> <span class='ocrx_word' id='word_1_178' title='bbox 315 3098 489 3171; x_wconf 71' lang='lat' dir='ltr'><strong>3morigere</strong></span> <span class='ocrx_word' id='word_1_179' title='bbox 507 3096 534 3152; x_wconf 96' lang='lat' dir='ltr'><strong><em>V</em></strong></span> <span class='ocrx_word' id='word_1_180' title='bbox 584 3098 713 3152; x_wconf 76' lang='lat' dir='ltr'><strong>Storum</strong></span> <span class='ocrx_word' id='word_1_181' title='bbox 732 3098 760 3166; x_wconf 92' lang='lat' dir='ltr'><strong>(o</strong></span> <span class='ocrx_word' id='word_1_182' title='bbox 779 3113 813 3152; x_wconf 76' lang='lat' dir='ltr'><strong>cx</strong></span> <span class='ocrx_word' id='word_1_183' title='bbox 830 3112 848 3150; x_wconf 88' lang='lat' dir='ltr'><strong>a</strong></span> <span class='ocrx_word' id='word_1_184' title='bbox 866 3095 915 3164; x_wconf 79' lang='lat' dir='ltr'><strong>oi.)</strong></span> <span class='ocrx_word' id='word_1_185' title='bbox 934 3093 979 3164; x_wconf 74' lang='lat' dir='ltr'><strong>Vt</strong></span> <span class='ocrx_word' id='word_1_186' title='bbox 996 3095 1118 3152; x_wconf 87' lang='lat' dir='ltr'><strong>condam</strong></span> <span class='ocrx_word' id='word_1_187' title='bbox 1136 3097 1165 3151; x_wconf 93' lang='lat' dir='ltr'><strong><em>V</em></strong></span> 
     </span>
     <span class='ocr_line' id='line_1_30' title="bbox 140 3167 888 3242; baseline -0.007 -15"><span class='ocrx_word' id='word_1_188' title='bbox 140 3174 172 3227; x_wconf 89' lang='lat' dir='ltr'><strong>nt</strong></span> <span class='ocrx_word' id='word_1_189' title='bbox 189 3172 330 3242; x_wconf 88' lang='lat' dir='ltr'><strong>quondam</strong></span> <span class='ocrx_word' id='word_1_190' title='bbox 350 3171 474 3226; x_wconf 76' lang='lat' dir='ltr'><strong>Merteuo</strong></span> <span class='ocrx_word' id='word_1_191' title='bbox 494 3169 499 3241; x_wconf 85' lang='grc' dir='ltr'>Ι</span> <span class='ocrx_word' id='word_1_192' title='bbox 519 3167 583 3224; x_wconf 86' lang='lat' dir='ltr'><strong>fobe</strong></span> <span class='ocrx_word' id='word_1_193' title='bbox 607 3167 634 3223; x_wconf 96' lang='lat' dir='ltr'><strong><em>V</em></strong></span> <span class='ocrx_word' id='word_1_194' title='bbox 652 3168 732 3231; x_wconf 82' lang='lat' dir='ltr'><strong>foues</strong></span> <span class='ocrx_word' id='word_1_195' title='bbox 752 3167 888 3224; x_wconf 74' lang='lat' dir='ltr'><strong>Heinsius</strong></span> 
     </span>
    </p>
   </div>
   <div class='ocr_carea' id='block_1_10' title="bbox 139 3255 1160 3604">
    <p class='ocr_par' dir='ltr' id='par_1_15' title="bbox 139 3255 1160 3604">
     <span class='ocr_line' id='line_1_31' title="bbox 211 3255 1159 3332; baseline -0.006 -16"><span class='ocrx_word' id='word_1_196' title='bbox 211 3261 250 3317; x_wconf 90' lang='lat' dir='ltr'><strong>lH</strong></span> <span class='ocrx_word' id='word_1_197' title='bbox 281 3259 380 3316; x_wconf 90' lang='lat' dir='ltr'><strong>lmici</strong></span> <span class='ocrx_word' id='word_1_198' title='bbox 403 3259 452 3332; x_wconf 77' lang='lat' dir='ltr'><strong>Vl</strong></span> <span class='ocrx_word' id='word_1_199' title='bbox 478 3259 507 3314; x_wconf 87' lang='lat' dir='ltr'><strong>et</strong></span> <span class='ocrx_word' id='word_1_200' title='bbox 525 3259 617 3329; x_wconf 70' lang='lat' dir='ltr'><strong>Laud.</strong></span> <span class='ocrx_word' id='word_1_201' title='bbox 636 3260 697 3313; x_wconf 87' lang='lat' dir='ltr'><strong>tum</strong></span> <span class='ocrx_word' id='word_1_202' title='bbox 721 3257 748 3313; x_wconf 96' lang='lat' dir='ltr'><strong><em>V</em></strong></span> <span class='ocrx_word' id='word_1_203' title='bbox 818 3255 1159 3325; x_wconf 56' lang='lat' dir='ltr'><strong>concremauerunt.)</strong></span> 
     </span>
     <span class='ocr_line' id='line_1_32' title="bbox 139 3325 1159 3402; baseline -0.009 -13"><span class='ocrx_word' id='word_1_204' title='bbox 139 3350 188 3389; x_wconf 89' lang='lat' dir='ltr'><strong>rea</strong></span> <span class='ocrx_word' id='word_1_205' title='bbox 205 3334 239 3388; x_wconf 90' lang='lat' dir='ltr'><strong>fit</strong></span> <span class='ocrx_word' id='word_1_206' title='bbox 262 3334 289 3388; x_wconf 93' lang='lat' dir='ltr'><strong><em>V</em></strong></span> <span class='ocrx_word' id='word_1_207' title='bbox 304 3349 373 3388; x_wconf 81' lang='lat' dir='ltr'><strong>corr.</strong></span> <span class='ocrx_word' id='word_1_208' title='bbox 393 3333 492 3402; x_wconf 77' lang='lat' dir='ltr'><strong>Pcipcr</strong></span> <span class='ocrx_word' id='word_1_209' title='bbox 551 3329 654 3384; x_wconf 84' lang='lat' dir='ltr'><strong>3mici</strong></span> <span class='ocrx_word' id='word_1_210' title='bbox 677 3329 704 3383; x_wconf 93' lang='lat' dir='ltr'><strong><em>V</em></strong></span> <span class='ocrx_word' id='word_1_211' title='bbox 765 3325 941 3383; x_wconf 77' lang='lat' dir='ltr'><strong>cadibenda</strong></span> <span class='ocrx_word' id='word_1_212' title='bbox 963 3325 990 3381; x_wconf 98' lang='lat' dir='ltr'><strong><em>V</em></strong></span> <span class='ocrx_word' id='word_1_213' title='bbox 1000 3331 1065 3394; x_wconf 76' lang='lat' dir='ltr'><strong>post</strong></span> <span class='ocrx_word' id='word_1_214' title='bbox 1083 3327 1108 3381; x_wconf 77' lang='lat' dir='ltr'><strong>h.</strong></span> <span class='ocrx_word' id='word_1_215' title='bbox 1130 3344 1159 3382; x_wconf 84' lang='lat' dir='ltr'><strong>u.</strong></span> 
     </span>
     <span class='ocr_line' id='line_1_33' title="bbox 139 3396 1159 3468; baseline -0.008 -8"><span class='ocrx_word' id='word_1_216' title='bbox 139 3406 247 3460; x_wconf 77' lang='lat' dir='ltr'><strong>nullum</strong></span> <span class='ocrx_word' id='word_1_217' title='bbox 266 3407 381 3462; x_wconf 80' lang='lat' dir='ltr'><strong>lacunae</strong></span> <span class='ocrx_word' id='word_1_218' title='bbox 398 3404 533 3459; x_wconf 65' lang='lat' dir='ltr'><strong>iudaeus</strong></span> <span class='ocrx_word' id='word_1_219' title='bbox 551 3403 608 3456; x_wconf 77' lang='lat' dir='ltr'><strong>aiei</strong></span> <span class='ocrx_word' id='word_1_220' title='bbox 626 3417 719 3457; x_wconf 80' lang='lat' dir='ltr'><strong>uacuo</strong></span> <span class='ocrx_word' id='word_1_221' title='bbox 736 3415 833 3456; x_wconf 69' lang='lat' dir='ltr'><strong>ueram</strong></span> <span class='ocrx_word' id='word_1_222' title='bbox 846 3415 917 3468; x_wconf 78' lang='lat' dir='ltr'><strong>pars</strong></span> <span class='ocrx_word' id='word_1_223' title='bbox 936 3397 972 3464; x_wconf 78' lang='lat' dir='ltr'><strong>V3</strong></span> <span class='ocrx_word' id='word_1_224' title='bbox 991 3396 1080 3466; x_wconf 85' lang='lat' dir='ltr'><strong>igitur</strong></span> <span class='ocrx_word' id='word_1_225' title='bbox 1098 3413 1159 3452; x_wconf 88' lang='lat' dir='ltr'><strong>me-</strong></span> 
     </span>
     <span class='ocr_line' id='line_1_34' title="bbox 140 3469 1160 3546; baseline -0.009 -16"><span class='ocrx_word' id='word_1_226' title='bbox 140 3477 283 3532; x_wconf 85' lang='lat' dir='ltr'><strong>morabere</strong></span> <span class='ocrx_word' id='word_1_227' title='bbox 301 3476 409 3546; x_wconf 87' lang='lat' dir='ltr'><strong>primns</strong></span> <span class='ocrx_word' id='word_1_228' title='bbox 427 3475 516 3544; x_wconf 69' lang='lat' dir='ltr'><strong>suppl.</strong></span> <span class='ocrx_word' id='word_1_229' title='bbox 539 3473 600 3528; x_wconf 75' lang='lat' dir='ltr'><strong>Tou</strong></span> <span class='ocrx_word' id='word_1_230' title='bbox 662 3479 678 3528; x_wconf 84' lang='lat'><strong>6</strong></span> <span class='ocrx_word' id='word_1_231' title='bbox 697 3489 714 3528; x_wconf 90' lang='lat' dir='ltr'><strong>a</strong></span> <span class='ocrx_word' id='word_1_232' title='bbox 732 3473 814 3542; x_wconf 86' lang='lat' dir='ltr'><strong>patre</strong></span> <span class='ocrx_word' id='word_1_233' title='bbox 833 3489 854 3526; x_wconf 89' lang='lat' dir='ltr'><strong>s.</strong></span> <span class='ocrx_word' id='word_1_234' title='bbox 875 3469 929 3526; x_wconf 87' lang='lat' dir='ltr'><strong>eris</strong></span> <span class='ocrx_word' id='word_1_235' title='bbox 950 3469 1012 3524; x_wconf 80' lang='lat' dir='ltr'><strong>Totl</strong></span> <span class='ocrx_word' id='word_1_236' title='bbox 1074 3474 1090 3522; x_wconf 78' lang='lat'><strong>&#39;1</strong></span> <span class='ocrx_word' id='word_1_237' title='bbox 1110 3486 1160 3539; x_wconf 80' lang='lat' dir='ltr'><strong>ge-</strong></span> 
     </span>
     <span class='ocr_line' id='line_1_35' title="bbox 139 3544 780 3604; baseline -0.006 -2"><span class='ocrx_word' id='word_1_238' title='bbox 139 3547 239 3602; x_wconf 84' lang='lat' dir='ltr'><strong>nitoris</strong></span> <span class='ocrx_word' id='word_1_239' title='bbox 263 3548 290 3602; x_wconf 93' lang='lat' dir='ltr'><strong><em>V</em></strong></span> <span class='ocrx_word' id='word_1_240' title='bbox 306 3565 374 3604; x_wconf 80' lang='lat' dir='ltr'><strong>corr.</strong></span> <span class='ocrx_word' id='word_1_241' title='bbox 395 3546 555 3604; x_wconf 76' lang='lat' dir='ltr'><strong>Grououius</strong></span> <span class='ocrx_word' id='word_1_242' title='bbox 627 3551 644 3600; x_wconf 86' lang='lat'>8</span> <span class='ocrx_word' id='word_1_243' title='bbox 663 3544 730 3599; x_wconf 88' lang='lat' dir='ltr'><strong>miei</strong></span> <span class='ocrx_word' id='word_1_244' title='bbox 753 3544 780 3598; x_wconf 89' lang='lat' dir='ltr'><strong><em>V</em></strong></span> 
     </span>
    </p>
   </div>
   <div class='ocr_carea' id='block_1_11' title="bbox 0 0 1270 3954">
    <p class='ocr_par' dir='ltr' id='par_1_16' title="bbox 0 0 1270 3954">
     <span class='ocr_line' id='line_1_36' title="bbox 0 0 1270 3954; baseline 0 3"><span class='ocrx_word' id='word_1_245' title='bbox 0 0 1270 3954; x_wconf 95' lang='lat' dir='ltr'><strong> </strong></span> 
     </span>
    </p>
   </div>
  </div>
 </body>
</html>
