2534 3954
502 189 740 256 —173-

108 349 182 416 Hoc
204 371 265 415 nos
289 369 420 414 monere
443 347 617 413 faeneratis
642 369 709 413 non
731 349 848 433 placet.

154 437 247 523 Dixi,
268 437 429 520 resedam3
453 436 569 522 legifer
591 437 683 501 uenit
706 435 814 504 Solon.

57 633 110 673 rm
124 633 183 684 [sos]
561 609 689 668 SOLON.

108 721 159 787 De
182 741 273 786 more
297 718 421 785 Graeco
444 719 566 805 prodeo
590 721 625 786 in
648 741 800 787 scaenam
823 719 939 806 Solon,

109 808 243 894 Septem
265 809 450 893 sapientum
473 808 563 874 fama
585 809 639 876 eui
660 809 804 895 palmam
827 809 928 896 dedit3

84 897 167 964 'Set
191 898 280 963 fama
301 918 369 963 non
393 901 443 962 est
466 897 578 964 iudicii
602 899 767 964 seueritas.
1097 915 1131 965 75

109 986 225 1072 Neque
253 987 338 1052 enim
363 1007 435 1051 esse
457 987 598 1072 primum
621 1009 687 1072 me,
710 1008 824 1053 uerum
847 1009 948 1054 unum
972 988 1132 1072 existimo,

110 1075 305 1160 Aequalitas
330 1075 415 1160 quod
439 1075 586 1141 ordinem
608 1075 713 1142 nescit
735 1078 814 1160 pati.
1119 1093 1132 1135 5

110 1165 212 1231 Reate
236 1164 316 1230 olim
339 1164 487 1248 ineptum
509 1163 687 1249 Delphicus
711 1165 815 1230 suasit
838 1165 918 1231 deus

110 1253 344 1338 Quaerentem,
367 1253 516 1337 quisnam
538 1254 663 1338 primus
687 1254 871 1339 sapientum
894 1254 993 1338 foret,

111 1341 217 1408 Vtin
241 1340 319 1408 orbe
341 1342 438 1408 tereti
461 1343 630 1408 nominum
653 1346 777 1409 sertum
800 1342 935 1427 inderet,
1096 1359 1131 1409 80

110 1429 162 1496 Ne
185 1430 310 1514 primus
335 1434 433 1516 esset,
456 1452 499 1496 ne
521 1431 575 1497 uel
597 1433 682 1497 imus
707 1431 876 1517 quispiam.

110 1519 236 1585 Eorum
260 1541 278 1583 e
301 1519 408 1586 medio
431 1519 553 1605 prodeo
577 1541 658 1606 gyro
683 1520 798 1604 Solon,
1107 1537 1132 1577 10

111 1607 173 1693 Vt,
196 1607 283 1692 quod
308 1607 428 1674 dixisse
451 1608 571 1675 Croeso
586 1610 667 1694 -regi
691 1609 874 1694 existimor,

111 1697 151 1762 Id
175 1697 282 1764 omnis
304 1696 474 1764 hominum
498 1702 588 1764 secta
611 1698 674 1763 sibi
698 1698 820 1763 dietum
843 1700 945 1783 putet.

110 1785 234 1852 Graece
258 1789 408 1852 eoactum
432 1790 495 1853 est:
520 1781 583 1871 ὅρα
605 1786 699 1865 τέλος
721 1787 853 1871 μακροῦ
876 1788 968 1870 dieo:
1099 1801 1133 1851 85

111 1874 206 1953 Quod
229 1875 365 1959 longius
385 1876 435 1960 fit,
459 1875 487 1939 si
510 1874 627 1941 Latine
651 1875 784 1941 dixeris:

113 1959 268 2048 Spectare
291 1963 379 2028 uitae
402 1964 498 2029 iubeo
523 1967 656 2030 eunetos
682 1965 883 2050 terminum„
1063 2030 1065 2035 ,
1108 1977 1134 2018 1⁵

111 2052 253 2117 Proinde
276 2051 412 2118 miseros
436 2056 494 2119 aut
516 2053 629 2119 beatos
655 2053 759 2118 dicere

110 2140 227 2224 Enita,
252 2140 339 2225 quod
363 2146 440 2207 eunt
464 2163 591 2226 semper
614 2143 751 2228 ancipiti
773 2143 807 2207 in
833 2144 930 2206 statu.

111 2229 151 2295 Id
174 2230 256 2296 adeo
281 2230 327 2294 sie
351 2234 408 2296 est.
446 2231 473 2296 si
497 2252 627 2317 queam,
649 2231 762 2315 paneis
785 2231 910 2315 loquar.
1098 2243 1132 2292 90

156 2318 240 2402 Rex,
265 2340 308 2382 an
330 2322 505 2403 tyrannus,
528 2318 654 2404 Lydiae
677 2318 816 2386 Croesus
839 2319 903 2384 fuit

114 2435 332 2447 ..Ψ-ι

184 2498 218 2549 71
237 2493 374 2550 funeratis
399 2493 427 2548 V
441 2493 576 2549 feneratis
597 2495 626 2549 P
678 2500 711 2550 72
730 2494 833 2550 Dixere
852 2492 968 2564 quidam
992 2490 1050 2547 VP
1065 2508 1135 2549 cerr.

110 2565 282 2636 8555189552,
300 2563 484 2638 1115377155
502 2563 645 2632 (ietfia
663 2567 730 2636 ros.)
756 2564 799 2636 V!
816 2564 902 2621 Solon
921 2564 997 2620 rubr.
1022 2562 1049 2617 V
1101 2569 1135 2619 73

110 2638 154 2692 De
187 2637 213 2690 D
231 2637 354 2693 iae'tiata's
372 2638 473 2693 5558555
491 2637 537 2706 ΡΙ
553 2653 654 2693 scaena
677 2637 705 2692 V
720 2652 834 2692 scenam
854 2636 901 2705 ΡΙ
918 2635 998 2691 salon
1017 2638 1040 2688 P
1103 2639 1136 2689 75

111 2709 157 2763 set
195 2706 222 2761 V
310 2714 343 2765 78
362 2724 454 2777 neque
478 2724 523 2763 me
547 2724 607 2763 esse
626 2709 748 2779 primum
766 2724 864 2763 uerum
882 2724 970 2762 unum
992 2704 1051 2762 VP
1066 2721 1135 2762 corr.

111 2779 211 2849 Possm
226 2781 232 2850 Ι
248 2793 346 2834 nerum
364 2779 465 2834 horum
484 2797 571 2834 unum
591 2781 757 2849 Mommsen,
781 2795 919 2834 necuere
938 2778 1027 2833 imum
1046 2777 1135 2832 Heia-

109 2853 171 2908 sa'us
250 2855 282 2906 77
301 2848 485 2919 Aaequalitas
510 2850 537 2904 V
611 2855 645 2905 78
664 2851 754 2906 helim
777 2848 827 2932 V}
849 2849 966 2905 delfious
986 2849 1031 2919 Pl
1048 2847 1138 2904 suasit

109 2921 213 2991 Pes'per
232 2921 380 2990 (Haterius
393 2927 412 2978 t.
428 2921 605 2990 detestatio),
625 2921 667 2976 ait
685 2921 744 2976 VP
758 2922 843 2977 iussit
860 2921 985 2992 Scaliger
1041 2927 1074 2976 79
1094 2935 1136 2973 sa-

131 2991 253 3047 ientium
268 2993 314 3061 ΡΙ
331 2992 423 3048 foraet
442 2992 479 3046 V¹
529 2998 564 3048 80
583 2992 681 3049 nomifl
697 2993 742 3062 ΡΙ
758 2991 868 3049 inderet
881 2992 983 3062 Peiper'
1000 2991 1138 3046 inuideret

110 3012 174 3118 pVP
242 3068 277 3118 87
295 3063 396 3134 predio
415 3063 539 3134 Plgiro
559 3064 588 3119 P
603 3063 661 3119 ciro
686 3064 730 3132 V!
746 3064 821 3118 Ιο155
840 3067 888 3133 (on
906 3080 940 3118 en
959 3064 1026 3133 uns)
1051 3060 1079 3115 V

113 3140 148 3190 83
169 3135 286 3192 dixisse:
305 3152 324 3188 x
342 3151 376 3190 ea
394 3142 425 3190 a?
449 3133 492 3206 V}
513 3135 627 3191 erhoes⁰
651 3135 678 3189 V
694 3135 794 3206 ohryso
813 3136 842 3191 P
930 3139 964 3192 84
982 3132 1014 3186 id
1033 3131 1136 3203 omnis]

111 3206 150 3261 ad
169 3209 202 3260 65
219 3206 266 3278 ΡΙ
289 3207 379 3262 aeetae
398 3205 439 3261 ibi
457 3206 486 3261 P
558 3211 593 3262 85
617 3208 662 3261 est
679 3207 730 3262 det.
750 3206 872 3277 85518955
890 3211 920 3272 2,
938 3210 954 3259 1
972 3207 976 3274 Ι
997 3221 1047 3259 ora
1064 3202 1137 3258 telos

114 3276 232 3332 maehro
252 3280 281 3347 (a
298 3293 332 3332 ee
351 3293 367 3333 o
383 3277 441 3347 pr.)
458 3277 507 3332 biu
531 3277 558 3331 V
580 3295 630 3334 ora
647 3279 724 3334 tesos
742 3281 810 3334 mat.
830 3280 874 3349 (ru
891 3277 940 3330 biu
958 3278 1021 3344 om.)
1040 3274 1068 3327 P

115 3353 152 3404 88
171 3349 274 3404 dixeris
297 3347 420 3417 Vinctus,
439 3348 550 3404 dixeras
575 3349 602 3402 V
618 3350 739 3404 disseras
758 3349 787 3404 P
847 3353 882 3403 88
902 3347 996 3401 dicere
1014 3345 1138 3416 Sentinas

115 3424 145 3487 2,
163 3425 184 3476 2
204 3420 293 3475 dioier
314 3417 372 3482 VP
422 3424 456 3474 89
476 3424 579 3475 euenta
597 3421 642 3491 Pi
659 3418 818 3489 anticipirti
837 3418 874 3472 V¹
892 3417 928 3486 (ti
941 3421 1039 3487 postea
1056 3421 1137 3487 arua)

115 3489 171 3562 tiu
189 3493 254 3547 add.
272 3491 407 3547 Harenas
425 3507 475 3546 om.
496 3487 570 3561 VPl
587 3493 692 3547 statum
712 3491 739 3545 V
791 3495 824 3546 91
844 3489 971 3545 tirannus
991 3488 1017 3542 V
1031 3492 1036 3558 Ι
1051 3487 1138 3544 lidiae

120 3561 148 3616 V
163 3562 249 3618 hodie
268 3562 314 3632 ΡΙ
331 3563 461 3618 ohroesus
485 3561 512 3616 V
526 3563 639 3618 ehresus
658 3563 686 3616 P
