2540 3962
527 199 769 263 —227-

137 356 338 422 Enumerare
360 356 467 439 iubes,
489 360 584 422 uetus
608 379 627 422 o
650 358 732 423 mihi
755 357 855 424 Paule
880 359 1016 445 sodalis,

138 445 334 511 Adsusfacte
358 444 439 510 meis
462 444 600 511 ioculari
623 447 766 512 carmine
790 448 896 532 nugis.
1122 466 1155 516 10

138 533 332 619 Adgredier3
356 532 505 617 quamuis
529 555 638 598 curam
661 555 728 600 non
750 535 816 600 ista
839 536 975 601 senilem

139 621 324 689 Sollicitent
345 620 498 706 frugique
521 622 592 688 uiro
616 623 781 705 dignanda
803 629 968 708 putentur.

138 710 225 778 Nam
247 710 328 775 mihi
350 731 417 775 non
440 707 565 776 Saliare
589 711 737 797 epulum,
759 734 825 778 non
849 734 928 779 aura
951 713 1089 798 dapalis,

140 799 275 876 Qualem
297 797 479 882 Penelopae
502 799 701 864 nebulonum
726 822 838 866 mensa
860 822 1034 886 procorum

138 886 331 972 Alcinoique
353 886 470 952 habuit
491 887 614 953 nitidae
638 889 723 955 cutis
747 892 845 955 uncta
867 890 1028 957 iuuentus.
1120 908 1152 958 15

137 974 349 1041 Enumerabo
372 979 483 1040 tamen
504 976 628 1040 famam
650 981 814 1063 testesque
839 983 967 1044 secutus

139 1063 202 1130 Pro
227 1062 341 1129 studiis
364 1063 534 1130 hominum
558 1086 684 1149 semper
707 1065 836 1132 diuersa
858 1068 1066 1151 probantum.

139 1151 195 1218 Set
216 1151 298 1217 mihi
320 1173 399 1236 prae
422 1153 545 1218 cunctis
568 1153 758 1239 lectissima,
781 1177 864 1240 quse
888 1155 1092 1224 Medulorum

136 1239 265 1306 Educet
287 1260 440 1324 oceanus,
463 1263 545 1325 ques
568 1240 818 1327 Burdigalensia
840 1266 959 1310 nomen

137 1327 248 1414 Vsque
271 1329 312 1394 ad
335 1327 512 1396 Caesareas
535 1329 613 1395 tulit
637 1330 809 1397 admiratio
833 1355 977 1418 mensas,
1119 1351 1153 1401 2ο

137 1416 215 1482 Non
237 1418 371 1482 laudata
394 1419 515 1503 minus,
537 1419 645 1484 nostri
668 1441 765 1504 quam
788 1421 895 1505 gloria
918 1421 995 1488 uini.

137 1505 229 1570 Haec
251 1506 338 1570 inter
360 1509 494 1572 cunctas
517 1507 662 1591 palmam
685 1529 831 1574 meruere
854 1509 1011 1594 priorem,

137 1592 297 1660 Omnibus
320 1616 360 1659 ex
383 1595 483 1681 longo
507 1596 712 1660 cedentibus:
737 1598 803 1661 ista
826 1601 859 1662 et
882 1597 983 1680 opimi

135 1680 278 1749 Visceris
302 1686 336 1747 et
358 1682 446 1748 niuei
470 1682 620 1768 dulcique
642 1685 821 1750 tenerrima
845 1707 921 1751 suco

135 1769 274 1835 Miscent
297 1793 492 1856 aequoreum
515 1773 606 1837 tenui
631 1774 697 1838 sale
720 1773 824 1839 tincta
847 1796 1006 1858 saporem.
1119 1792 1153 1841 no

135 1857 287 1924 Proxima
310 1860 375 1924 sint
397 1861 561 1944 quamuis,
585 1864 661 1926 sunt
683 1861 780 1947 longe
803 1863 953 1946 proxima
975 1864 1078 1929 multo

134 1947 186 2013 Ex
208 1947 397 2031 interuallo,
421 1971 502 2034 quae
526 1948 761 2034 Massiliensis,
783 1955 912 2034 portum

137 2036 225 2113 Quae
248 2034 361 2102 Narbo
386 2037 426 2101 ad
449 2036 588 2104 Veneris
611 2039 729 2123 nutrit,
753 2040 905 2125 cultuque
928 2040 1072 2106 carentia

134 2123 389 2208 Hellespontiaci
413 2148 495 2211 quae
518 2126 665 2212 protegit
689 2149 810 2212 aequor
833 2128 954 2213 Abydi,

137 2211 197 2277 Vel
221 2235 303 2298 quae
325 2210 457 2280 Baianis
481 2215 623 2298 pendent
646 2215 811 2281 fluitantia
833 2217 932 2300 palis,
1119 2234 1154 2284 30

136 2299 314 2367 Santonico
339 2324 421 2386 quae
443 2306 532 2369 tecta
555 2303 639 2387 salo,
663 2326 745 2388 quae
768 2309 848 2370 nota
872 2304 1027 2371 Genonis:

208 2481 242 2530 14
259 2473 355 2531 Horat.
376 2474 427 2546 Ep.
443 2475 456 2529 I
470 2481 497 2544 2,
511 2481 545 2531 28
561 2494 601 2546 sq.
622 2477 718 2547 sponsi
732 2478 892 2548 Penelopae
910 2478 1064 2534 nebulones
1078 2480 1153 2536 Alci·

134 2545 239 2672 „qu
254 2546 1029 2688 tertultralatareluptrtdfflttul
1044 2621 1149 2692 pap·

135 2702 184 2742 ora
201 2687 396 2758 Hellespontia
415 2687 516 2744 ceteris
536 2689 684 2746 ostiosior
702 2689 766 2744 oris.

206 2828 356 2886 9miciV
425 2834 457 2883 11
477 2830 560 2886 istum
584 2831 620 2887 V¹
695 2837 728 2886 13
753 2831 821 2886 mici
842 2830 889 2898 Vl
915 2831 1016 2888 toliere
1041 2831 1152 2890 Vcosr.

133 2901 264 2972 [atqcue.
302 2917 371 2956 eura
388 2900 487 2970 Pcs'per
505 2918 570 2956 rura
590 2901 616 2956 V
631 2919 700 2959 cura
717 2905 761 2958 aci
778 2902 863 2958 turbe
877 2903 1011 2959 Hamus
1027 2907 1031 2973 Ι
1047 2904 1151 2974 dapilis

139 2971 249 3030 verr.
314 2973 399 3042 adun.
474 2977 507 3028 15
528 2973 642 3029 alicinoi
664 2973 707 3044 Vl
723 2972 803 3029 abuit
826 2972 863 3028 V¹
878 2977 883 3043 Ι
898 2975 1029 3030 iubentus
1052 2974 1088 3031 V¹

135 3047 168 3096 18
187 3042 242 3114 set]
263 3059 302 3098 aa
320 3044 402 3098 sunt?
418 3044 423 3111 Ι
439 3043 544 3099 eunetis
562 3043 604 3112 Vl
621 3044 764 3101 ditissime
781 3045 806 3100 V
823 3061 892 3102 sorr.
909 3044 1008 3116 Peiper
1025 3049 1029 3111 Ι
1044 3046 1151 3102 medul-

133 3114 223 3168 lcrum
238 3114 281 3183 (ia
294 3131 355 3171 mur
373 3157 379 3171 .
395 3115 432 3170 cl.
446 3115 626 3186 Rnomloei)
642 3115 748 3172 Vccrr.
763 3117 811 3172 ze
829 3118 895 3172 dms.
962 3121 995 3171 19
1010 3117 1110 3172 edocet
1127 3116 1155 3171 V

133 3130 583 3311 coraLuqdun.[purdigalensie
598 3187 633 3242 V¹
679 3194 714 3243 20
724 3204 780 3257 qua
821 3187 1151 3257 (quemzmeaaas'doV')

168 3260 202 3309 22
217 3257 333 3311 cunctos
385 3272 502 3312 camma
560 3263 595 3312 24
614 3259 690 3314 nibai
707 3257 743 3312 V¹
760 3261 765 3327 Ι
780 3275 834 3332 que
857 3256 884 3312 V
934 3263 968 3313 25
987 3258 1059 3313 ticta
1077 3257 1114 3312 Vl

133 3331 168 3381 26
187 3343 223 3395 qu
242 3325 285 3383 uie
304 3326 415 3384 Vcorr.
434 3328 567 3384 Heinsius
583 3332 587 3396 Ι
604 3330 670 3384 sunt
683 3329 798 3398 Mebler,
816 3331 859 3384 set
881 3328 908 3383 V
970 3333 1003 3384 27
1043 3328 1152 3385 ortuV

132 3411 201 3454 corr.
222 3343 336 3454 lesdas
394 3403 429 3453 28
448 3399 595 3468 (carentiez
614 3399 625 3453 i
644 3402 699 3457 al?
718 3399 762 3470 V¹)
817 3404 851 3455 29
870 3398 991 3470 proserit
1043 3400 1148 3469 eblcrf.

153 3485 274 3556 onega!
290 3485 367 3541 abiu
388 3486 414 3542 V
465 3491 499 3542 ec
518 3474 640 3544 eausa
658 3488 701 3560 Vl
717 3487 920 3559 puerpura
938 3487 1060 3560 scaeua
1114 3493 1147 3544 31

132 3503 252 3612 beoniae
271 3559 314 3628 (iu
331 3573 417 3630 mars.
437 3559 473 3614 cl.
494 3559 638 3630 Sanctoni)
665 3560 691 3616 V

935 3649 989 3704 15*
