2466 3958
439 943 440 946 ‘
508 929 747 1034 Praefatio.

272 1065 292 1122 Ι.
321 1063 363 1122 De
383 1063 526 1122 codicibus
546 1065 742 1137 opusculorum
760 1066 994 1124 Ausonianorum.

190 1209 334 1296 Singulis
344 1212 541 1278 carminibus
551 1213 706 1298 librisque
717 1213 856 1300 singulis
865 1213 1030 1280 Ausonius
1039 1235 1133 1299 prae-

120 1300 1133 1388 sationespraemisit,modoearminescriptas,interdumprosa,

119 1411 207 1454 nunc
231 1393 263 1454 et
284 1411 381 1454 uersu
404 1393 438 1455 et
464 1413 562 1476 prosa
591 1393 738 1457 oratione
761 1393 894 1478 mixtas,
921 1396 958 1456 ut
984 1391 1134 1456 Bissulae

120 1477 446 1564 Technopaegniique
495 1480 751 1565 continuationi,
797 1481 949 1566 misitque
990 1479 1048 1544 uni
1096 1501 1134 1544 ex

122 1567 244 1647 amicis,
268 1566 329 1652 uel,
353 1567 438 1650 quod
456 1569 561 1634 rarius
586 1569 718 1654 factum,
742 1570 905 1654 adscripta
924 1570 1029 1634 salute
1047 1589 1134 1633 eom-

121 1655 286 1720 mendauit
310 1653 444 1740 „lectori
467 1656 554 1742 su0“,
582 1657 615 1721 id
639 1661 689 1722 est
712 1657 862 1724 omnibus
891 1678 971 1742 quos
995 1657 1045 1722 sui
1068 1660 1134 1721 stu·

122 1745 231 1810 diosos
252 1744 351 1809 sciret
369 1745 403 1808 in
419 1745 494 1811 aula
509 1750 541 1811 et
555 1750 647 1810 extra
666 1748 784 1831 aulam,
807 1746 1001 1830 placituram
1016 1745 1133 1830 quibus

121 1837 267 1918 speraret
282 1855 379 1917 quam
392 1837 593 1901 tractauerat
606 1856 684 1914 rem,
698 1835 788 1900 uelut
801 1833 980 1920 Epitaphia
998 1835 1134 1898 heroum

121 1920 313 1987 Troicorum
336 1925 369 1987 et
391 1921 673 2008 Epigrammatum
703 1925 841 1990 alteram
875 1923 1004 1988 seriem:
1030 1943 1135 2006 neque

119 2011 184 2074 nisi
210 2009 359 2094 repetitis
388 2012 472 2076 euris
502 2033 585 2096 quae
612 2012 781 2077 elaborata
809 2015 919 2076 essent
946 2012 999 2075 uel
1030 2015 1134 2090 aucta,

123 2099 181 2162 alii
201 2120 239 2163 ex
258 2097 370 2164 amieis
385 2103 482 2183 atque
497 2101 549 2165 cui
567 2100 672 2185 primo
687 2101 831 2184 miserat,
850 2100 979 2183 dicauit,
998 2099 1031 2162 id
1050 2099 1135 2183 quod

121 2209 160 2252 ex
183 2186 449 2273 Technopaegnii
471 2189 580 2273 priore
605 2190 769 2273 particula
793 2191 825 2254 et
853 2185 1026 2253 Fastorum
1049 2187 1134 2253 libro

120 2278 222 2359 patet,
244 2296 305 2340 neo
328 2297 481 2360 umquam
510 2277 644 2342 eandem
672 2277 985 2345 commendationem
1009 2276 1135 2340 duobus

121 2364 212 2428 misit
236 2363 307 2429 solo
336 2364 467 2429 nomine
495 2365 670 2450 inmutat03
697 2388 773 2430 nam
801 2365 886 2430 falsa
909 2369 959 2429 est
984 2365 1018 2429 in
1042 2385 1089 2449 ep.
1116 2366 1133 2429 1

120 2449 194 2538 (34)
218 2474 248 2516 u.
272 2453 292 2516 9
316 2451 416 2516 Tolli‘i
440 2454 631 2520 coniectura.
675 2455 737 2519 hoc
765 2457 852 2519 recte
880 2453 1000 2518 dieitur
1022 2453 1134 2518 edere

119 2541 173 2604 uel
191 2539 442 2624 publicare.*)
472 2564 549 2608 nam
570 2565 765 2628 quamquam
785 2543 871 2627 quod
892 2541 1135 2608 adiudicauerat

120 2633 235 2694 auctor
258 2630 363 2694 amico
387 2633 489 2716 certo,
519 2633 674 2696 uoniam
697 2631 847 2702 omnibus
871 2631 971 2696 fuisse
993 2629 1134 2696 destina-

122 2722 192 2792 tum
217 2722 250 2783 et
273 2717 468 2802 quibusdam
492 2720 591 2784 etiam
615 2721 656 2784 ab
681 2741 718 2784 eo
743 2719 794 2784 cui
815 2719 950 2784 miserat
973 2719 1053 2784 dene
1079 2739 1135 2782 an·

120 2805 197 2869 dum
211 2805 311 2870 fuisse
326 2827 364 2870 ex
377 2804 563 2890 Symmachi
576 2807 685 2873 uerbis
704 2806 804 2892 (infra
818 2830 848 2892 p.
859 2807 933 2889 221,
944 2808 987 2872 20
997 2738 1081 2892 8ᾳῶ
1097 2807 1134 2870 li-

120 2893 218 2980 quido
238 2897 384 2979 apparet,
406 2893 469 2961 hoc
491 2900 603 2961 tamen
621 2917 696 2961 raro
718 2895 842 2961 factum
861 2917 931 2961 esse
954 2895 1134 2981 putandum

120 2983 309 3067 ualebitque
333 2983 368 3047 in
390 2984 578 3050 uniuersum
602 2985 689 3070 quod
704 2985 767 3050 'ille
792 2985 851 3050 ait:
879 2984 1004 3068 „oratio
1028 2983 1134 3068 publi-

120 3073 194 3135 cata
226 3071 330 3136 libera
358 3075 420 3136 est:
452 3094 525 3138 oum
554 3075 654 3140 semel
681 3096 701 3138 a
728 3078 762 3138 te
793 3073 976 3159 profectum
1004 3093 1134 3137 carmen

120 3162 188 3242 est,
212 3161 262 3224 ius
286 3181 382 3225 omne
404 3162 572 3244 posuisti.“
608 3167 640 3227 et
658 3163 869 3227 mittebantur
892 3161 1005 3226 amicis
1027 3161 1133 3225 solum

121 3269 175 3326 ea,
191 3281 195 3288 ·
209 3268 291 3332 quae
328 3250 471 3333 expolita
505 3252 586 3316 satis
617 3250 813 3316 uidebantur
850 3249 1037 3334 auctorique
1075 3269 1133 3313 suo

194 3425 220 3490 *)
240 3421 291 3480 Th.
306 3423 368 3478 Birt
381 3421 410 3478 in
428 3422 514 3479 libro:
533 3426 590 3479 Das
605 3425 702 3480 autike
716 3423 889 3480 Bnohwesen
902 3424 931 3478 in
946 3422 1051 3478 seinem
1065 3419 1133 3476 Ver·

120 3492 259 3549 heltnisse
282 3512 330 3548 zur
354 3491 514 3550 Litteratur.
549 3495 644 3550 Berlin
669 3501 751 3565 1882,
774 3511 829 3550 nou
847 3495 967 3549 multum
992 3492 1134 3562 promouit

120 3564 158 3617 ad
175 3565 249 3620 hano
269 3565 463 3634 quaestionem
482 3566 695 3622 decernendam.
