2540 3962
521 201 760 268 -279—

15 421 16 424 ,
134 359 326 446 Opportuna
349 360 416 425 tuis
439 360 589 426 inimicat
611 364 745 445 pectora
766 361 859 428 fucis.

133 449 308 515 Paulinum
331 448 592 534 Ausoniumque,
614 451 718 534 uiros,
741 471 822 535 quos
846 473 942 518 saera
963 450 1088 527 Quirini

132 538 282 622 Purpura
303 542 337 604 et
359 542 492 605 auratus
514 539 648 605 trabeae
671 540 796 606 uelauit
819 541 971 625 amiotus,
1115 557 1149 608 66

132 625 210 692 Non
232 628 325 693 deeet
346 626 475 694 insidiis
497 627 690 713 peregrinae
713 630 825 694 cedere
849 630 953 694 diuae.

133 714 216 791 Quid
239 737 357 801 queror
380 718 494 802 eoique
517 717 659 784 insector
682 718 819 784 erimina
842 717 1002 784 monstri?

132 803 266 870 Oeoidui
288 828 340 871 me
363 806 434 887 ripa
457 805 555 890 Tagi,
578 827 629 870 me
652 805 775 872 Puniea
797 807 899 872 laedit

131 892 286 980 Barcino,
308 917 361 960 me
384 895 520 960 bimaris
543 896 620 980 iuga
642 895 800 981 ninguida
823 895 991 980 Pyrenaei.

134 1248 299 1335 Quemque
322 1270 381 1315 suo
404 1250 501 1336 longe
524 1250 656 1316 dirimat
678 1251 849 1335 prouincia
871 1255 979 1317 tractu

132 1336 235 1403 Trans
258 1342 386 1404 montes
411 1339 576 1423 solemque
598 1340 712 1417 alium,
736 1345 829 1406 trane
848 1340 983 1406 flumina
1001 1344 1033 1406 et
1051 1341 1148 1406 urbes

131 1425 177 1492 Elt
200 1428 286 1512 quod
308 1432 469 1494 terrarum
493 1428 638 1512 eaelique
661 1429 845 1493 extenditur
867 1429 953 1495 inter

131 1515 346 1582 Emeritensis
369 1517 462 1583 Anae
486 1518 635 1601 lataeque
658 1516 781 1582 fluenta
805 1515 999 1582 Garumnae.

132 1604 225 1680 Quod
248 1607 276 1670 si
298 1605 466 1672 interualli
490 1607 632 1689 spatium
654 1606 825 1672 tolerabile
848 1605 942 1670 limes
1113 1623 1146 1672 66

131 1693 271 1759 Poneret
293 1695 427 1780 exiguus
451 1692 615 1782 (quamuis
638 1694 738 1780 longa
761 1695 871 1760 omnia
894 1695 1040 1778 erodant,

131 1783 195 1859 Qui
218 1784 315 1848 simul
338 1805 407 1848 esse
426 1781 566 1872 uolunt),
588 1784 710 1849 faceret
727 1787 839 1849 tamen
856 1784 930 1869 ipsa
947 1783 1147 1869 propinquos

131 1870 217 1938 Oura
240 1874 343 1956 locos,
365 1873 483 1938 mediis
505 1874 644 1958 iungens
667 1873 824 1939 distantia
845 1873 969 1957 uerbis;

131 1959 296 2026 Santonus
319 1966 357 2026 ut
381 1961 444 2028 sibi
466 1959 691 2047 Burdigalam,
714 1985 790 2028 mox
812 1963 920 2048 iungit
943 1961 1109 2048 Aginnum

129 2049 192 2115 Illa
215 2050 278 2116 sibi
302 2055 336 2116 et
358 2051 497 2134 populos
519 2051 719 2137 Aquitanica
740 2074 818 2117 rura
841 2052 1000 2135 colentem
1113 2067 1147 2116 80

130 2139 240 2224 thue
264 2140 379 2224 duplex
402 2138 519 2205 Arelas
542 2138 683 2225 Alpinae
706 2143 793 2206 tecta
816 2139 978 2224 Viennae,

130 2226 382 2313 Narbonemque
405 2230 478 2313 pari
501 2230 608 2313 spatie
633 2229 697 2294 sibi
720 2230 875 2314 conserit3
898 2232 930 2294 et
953 2251 1029 2296 mox

139 2369 146 2374 1
203 2409 236 2458 66
255 2405 394 2474 oportuna
412 2423 431 2458 α
447 2408 452 2471 Ι
467 2403 584 2460 inimiea
599 2404 646 2475 Pl
668 2403 739 2461 faeie
758 2403 787 2458 P
838 2409 872 2460 64
892 2420 971 2459 saera
989 2403 1068 2474 quini
1087 2404 1115 2459 P

130 2480 164 2530 66
183 2491 306 2545 purpure
326 2477 446 2546 (etam.)
465 2475 634 2543 Plbalabit
652 2475 741 2545 (bpr.
762 2478 794 2530 iu
813 2494 830 2530 v
850 2476 898 2545 ol.)
924 2476 950 2530 V
1011 2481 1045 2531 66
1065 2476 1149 2530 docet

130 2546 160 2600 P
213 2553 246 2602 66
265 2545 328 2616 quit
351 2546 408 2616 V¹l
431 2547 485 2602 eoi
506 2546 608 2602 Veroi
627 2548 656 2600 P
708 2553 742 2603 66
761 2546 832 2602 meri
850 2546 949 2616 patagi
969 2545 1087 2618 Pltati
1111 2547 1148 2602 V¹

129 2623 161 2672 ut
179 2619 238 2673 em.
262 2621 267 2686 Ι
292 2616 391 2688 punica
415 2619 509 2687 (erosa
527 2624 558 2672 ut
576 2619 634 2674 aid.
654 2619 756 2674 lineola
772 2636 792 2672 n
809 2619 847 2674 al.
866 2619 914 2687 ss.)
937 2617 964 2672 V
1033 2624 1066 2673 69
1085 2619 1147 2674 bar·
1256 2671 1257 2676 ,

130 2688 184 2745 cilo
204 2689 254 2759 ΡΙ
274 2688 398 2745 bamaria
419 2690 466 2758 ΡΙ
486 2687 595 2759 pirenei
614 2709 632 2742 a
704 2706 731 2744 a.
753 2695 787 2744 60
803 2694 866 2756 post
885 2695 918 2744 68
937 2689 1148 2745 6666666166-

128 2762 223 2826 reden
241 2766 305 2816 aete
319 2766 344 2816 et
356 2766 419 2830 post
430 2762 456 2816 6.
470 2779 499 2816 a.
513 2761 630 2816 lacunae
643 2760 783 2816 indicauit
796 2759 919 2815 Schenkl.
936 2762 941 2829 Ι
956 2760 1085 2814 menibus
1095 2760 1123 2816 P
1143 2761 1146 2832 l

129 2835 159 2888 et
176 2831 269 2902 patrio
287 2831 315 2886 V
329 2849 344 2886 e
363 2831 457 2902 patrio
474 2833 520 2897 ΡΙ
537 2833 633 2887 forsan
651 2833 696 2886 ael
713 2831 807 2887 forran
826 2830 853 2887 V
869 2831 977 2887 fortean
992 2831 1039 2898 ΡΙ
1055 2847 1148 2901 qoque

134 2903 161 2956 V
230 2910 263 2959 61
284 2920 334 2957 sue
352 2906 396 2973 (su
435 2903 483 2974 Vr)
502 2903 588 2972 longo
607 2922 627 2957 α
646 2919 695 2959 suo
714 2903 799 2972 longo
814 2902 959 2958 Auentina
977 2903 1147 2958 eornflein-
1255 2915 1256 2972 3

127 2976 186 3030 siae
202 2977 206 3043 1
222 2974 370 3045 probineia
471 2979 503 3030 62
523 2976 630 3030 monte·
649 2975 785 3045 (atses.)
803 2974 848 3043 Vl
864 2975 978 3029 flumine
997 2975 1092 3030 tvrbee
1110 2974 1147 3029 Vl

127 3059 335 3136 fluminiet'rbes
362 3083 398 3150 (6
421 3082 503 3136 urbes
526 3083 558 3136 in
580 3083 667 3151 mars.
692 3081 729 3139 ul.
751 3081 896 3150 repetitur)
920 3079 957 3135 V‘
1030 3086 1064 3135 63
1092 3096 1147 3148 que

128 3168 178 3206 ora.
199 3153 228 3206 P
295 3157 330 3208 64
350 3154 519 3224 emeritenlss
538 3169 608 3207 anae
627 3156 668 3224 (se
687 3154 804 3220 nasum)
828 3151 856 3206 V
871 3151 1075 3206 emeritensane
1094 3150 1122 3206 P
1141 3150 1144 3222 l
1254 3191 1255 3216 2

127 3225 247 3297 tarunne
266 3224 374 3279 ateeid.
393 3223 554 3294 V¹gar1ine
574 3224 603 3278 P
656 3228 690 3279 66
708 3221 867 3278 interuallis
884 3221 994 3292 patiam
1018 3222 1045 3275 V
1060 3222 1146 3276 inter-

127 3293 213 3349 uallis
232 3295 355 3365 epatium
375 3294 404 3348 P
424 3312 494 3351 corr.
513 3295 649 3350 Heinsius
677 3298 682 3363 l
711 3295 776 3361 lites
795 3293 877 3348 limes
897 3294 925 3348 P
997 3299 1031 3348 66
1051 3292 1146 3347 omnia
1253 3357 1254 3374 ἢ

127 3381 177 3422 om.
197 3364 244 3436 Pl
267 3365 382 3421 eredalt
405 3367 432 3419 V
448 3368 533 3421 eadat
551 3366 580 3420 P
594 3382 663 3422 corr.
678 3353 822 3422 Aebutiae
895 3367 929 3418 66
948 3361 1050 3419 bolunt
1072 3363 1110 3417 Vl
1253 3397 1254 3442 l

128 3441 162 3491 68
182 3451 247 3492 eara
271 3435 315 3502 Vl
331 3436 401 3496 loeis
425 3437 452 3490 V
468 3438 545 3492 loeus
566 3438 594 3491 P
611 3454 680 3494 eerr.
699 3437 831 3506 nequae.
906 3441 939 3491 69
959 3435 1099 3490 sanctonis
1123 3434 1151 3489 V
1253 3445 1254 3480 l

127 3507 275 3634 papnnutpnes
296 3507 324 3562 P
342 3510 492 3564 sanctonus
510 3509 643 3578 Lepsia.
665 3507 874 3579 {burdegalam
893 3506 945 3575 ΡΙ
968 3505 1100 3578 aginnum
1123 3505 1150 3560 V
1249 3529 1253 3542 ¹
