2532 3954
528 179 749 242 ..33-

167 336 334 422 Aequales
355 336 442 400 inter
466 335 580 402 Maura
603 340 720 402 uocata
742 337 813 404 fuit.

122 425 187 492 Sed
209 447 277 490 non
293 427 374 490 atra
397 425 519 509 enimc,
543 425 598 510 qui
622 426 741 491 clarior
763 430 850 492 esset
873 428 962 493 olore
1124 447 1140 494 u

167 513 213 579 Et
235 535 301 580 non
324 513 449 579 calcata
472 515 527 599 qui
550 515 625 578 niue
649 515 822 580 candidior.

121 603 168 669 Et
190 624 260 667 non
284 600 407 666 deliciis
431 602 599 687 ignoscere
622 608 774 689 prompte
797 604 955 690 pudendis

167 690 220 756 Ad
243 691 511 776 perpendiculum
534 714 631 777 seque
655 715 796 778 suosque
819 694 944 759 habuit.

121 779 214 846 Haec
238 801 290 844 me
312 784 522 864 praereptum
544 781 636 862 cunis
661 786 694 846 et
716 782 757 847 ab
780 782 877 848 ubere
900 783 1017 849 matris

168 868 296 933 Blanda
319 868 379 933 sub
405 869 542 934 austeris
565 871 673 934 inbuit
695 870 839 955 inperiis.
1106 889 1138 939 10

121 956 331 1042 Tranquillos
355 957 448 1022 auiae
472 958 595 1024 cineres
617 964 796 1045 praestate,
818 960 919 1046 quieti

168 1046 348 1111 Aeternum
370 1069 498 1132 manes,
521 1048 549 1113 ei
571 1048 627 1132 pia
650 1048 750 1113 uerba
772 1050 896 1133 loquor.

69 1257 123 1310 {1⁶51
158 1237 204 1294 VI.
224 1235 380 1292 AEMILIA
397 1238 551 1294 HILARIA
570 1209 794 1295 MATERTERA
812 1240 926 1298 VIRGO
945 1241 1102 1297 DEVOTA.

122 1347 237 1431 Tuque
260 1347 363 1432 gradu
386 1349 516 1430 generis
539 1353 729 1434 matertera,
752 1351 809 1416 sed
831 1351 902 1416 uice
925 1352 1039 1417 matris

168 1435 310 1501 Adfectu
333 1438 402 1502 neti
425 1440 707 1510 commemoranda
729 1441 795 1524 pio,

122 1525 278 1608 Aemilia,
301 1524 338 1588 in
361 1525 451 1590 cunis
474 1525 581 1591 Hilari
605 1548 786 1612 cognomen
809 1527 938 1612 adepta,

169 1613 262 1690 Quod
285 1614 372 1678 laete
395 1618 429 1678 et
450 1615 543 1699 pueri
566 1617 666 1680 comis
690 1616 730 1681 ad
754 1616 908 1701 effigiem:

120 1702 293 1769 Reddebas
316 1723 430 1767 uerum
452 1725 517 1769 non
543 1704 787 1771 dissimulanter
809 1706 982 1789 ephebum,
1122 1722 1138 1772 5

5 1869 6 1884 χ
167 1791 258 1855 More
281 1790 387 1855 uirum
411 1792 543 1857 medicis
567 1793 692 1858 artibus
716 1794 893 1880 experiens.

120 1879 268 1944 Feminei
291 1901 388 1944 sexus
412 1880 522 1946 odium
544 1882 605 1946 tibi
630 1905 757 1966 semper
779 1888 811 1947 et
834 1883 908 1949 inde

168 1967 280 2034 Creuit
303 1968 438 2034 deuotae
462 1970 660 2056 uirginitatis
684 1993 784 2036 amor.

121 2057 212 2135 Quae
235 2056 298 2121 tibi
321 2061 472 2142 septenos
496 2061 607 2124 nonies
633 2065 683 2124 est
705 2061 792 2125 culta
815 2082 873 2144 per
896 2082 999 2126 annos

167 2145 293 2231 Quique
318 2147 390 2210 aeui
413 2147 502 2231 finis,
524 2147 593 2234 ipse
616 2149 800 2234 pudicitiae.
1106 2168 1138 2218 10

120 2235 226 2320 Haec,
248 2234 325 2319 quie
347 2236 395 2302 uti
419 2242 521 2301 mater
545 2239 677 2302 monitis
700 2243 734 2304 et
757 2260 865 2304 amore
889 2238 1036 2323 fouebas,

167 2322 335 2408 Supremis
358 2324 456 2389 reddo
480 2325 566 2391 filius
590 2328 742 2412 exequiis.

65 2535 121 2588 μεθ]
157 2517 218 2572 v11.
247 2515 298 2572 OL.
319 2515 538 2572 CONTEMTVS
557 2517 605 2572 ET
624 2519 746 2574 IVLIVS
766 2518 954 2574 CALLIPPIO
974 2521 1118 2578 PATRVI.

118 2625 166 2690 Et
187 2628 338 2710 patruos,
361 2626 485 2711 elegea,
507 2648 597 2692 meos
621 2629 825 2693 reminiscere
849 2632 962 2696 cantu:

166 2711 389 2798 Oontemtum,
412 2716 509 2780 tellus
534 2739 629 2802 quem
653 2717 821 2801 Rutupina
844 2718 935 2804 tegit.

193 2869 295 2924 oniba
319 2869 346 2923 V
412 2873 605 2941 'lpromtaV
666 2876 781 2931 Sabuit
802 2874 829 2930 V
888 2879 954 2931 eet
971 2893 1016 2932 me
1035 2878 1134 2948 Pec'per

118 2941 240 2996 haemae
262 2940 290 2996 V
306 2942 377 2997 hoec
395 2961 440 2998 mc
459 2945 589 3015 Lacydon.
665 2952 696 3000 12
716 2962 804 3002 uerna
821 2946 899 3002 locor
921 2947 949 3003 V

191 3029 232 3084 VI
258 3048 351 3085 rmmu
373 3031 400 3085 V
418 3035 421 3100 Ι
441 3052 547 3089 nnvoru
566 3035 593 3102 (a
612 3035 648 3090 ol.
667 3037 699 3090 c'u
716 3039 784 3107 ras.)
809 3036 836 3089 V
906 3037 1043 3093 2effectu
1068 3038 1094 3092 V

118 3099 221 3156 eilari
246 3101 274 3156 V
332 3105 488 3172 tepebum
506 3105 620 3172 (helim
636 3122 671 3161 cc.
689 3113 751 3176 poet
769 3111 886 3177 aarum)
912 3108 938 3162 V
989 3109 1135 3180 8defucte

118 3173 201 3240 (tue
217 3191 229 3227 s
244 3175 326 3242 crue.)
346 3174 372 3228 V
431 3182 534 3244 equae
548 3177 678 3246 Iacpdao.
697 3195 755 3246 qua
773 3178 939 3252 thobilas
959 3182 1001 3234 est
1020 3183 1043 3251 (s
1057 3195 1135 3246 erue,

119 3245 164 3298 eet
181 3260 216 3298 ex
230 3260 300 3298 corr.
317 3246 363 3312 ad,
382 3245 463 3301 nobis
483 3249 557 3302 esset
576 3248 614 3301 V¹
632 3254 651 3302 t.
666 3249 820 3321 Scdeullio)
841 3250 868 3304 V
921 3257 953 3305 10
970 3247 1078 3319 puditie
1100 3251 1136 3304 Vl

156 3321 188 3368 11
208 3317 242 3370 ut
267 3314 294 3368 V
311 3331 379 3371 corr.
396 3316 528 3389 Laudare.
545 3323 550 3388 Ι
570 3319 687 3375 fobebas
710 3320 739 3374 V
808 3329 840 3376 12
859 3319 1016 3391 suppremie
1040 3320 1068 3374 V

190 3403 246 3457 VII
272 3391 390 3461 corinun
414 3407 440 3462 V
460 3428 610 3464 corrueres
629 3409 759 3480 Lacydon.
777 3411 781 3480 Ι
798 3429 918 3464 enumero
941 3407 969 3463 V
1038 3395 1136 3482 ηατ-

118 3491 170 3529 uos
187 3475 216 3529 V
231 3492 302 3530 corr.
318 3475 446 3547 Madau.
457 3465 473 3549 ’1
494 3482 591 3536 centus
608 3480 636 3534 V
650 3497 719 3539 corr.
735 3482 866 3550 mycen.
925 3488 941 3536 2
962 3483 1136 3539 contemtum

124 3545 151 3599 V
169 3547 172 3618 ξ
193 3546 370 3618 ruptupinna
389 3547 413 3604 V

172 3644 309 3687 Avsomvs.
960 3649 976 3696 3
