2538 3964
584 438 669 493 XVII.

262 540 336 601 Οὐδ’
357 542 441 600 ἔλαθ’
460 541 564 615 Ἀτρέος
581 542 646 600 οἷὸν
665 540 817 613 ἀρηίφιλον
835 543 986 600 Μενέλαον

261 617 426 673 Actoridem
445 633 556 671 caesum
574 631 627 670 nec
645 616 688 683 te,
707 616 847 683 Menelao,
866 615 977 670 fefellit.

186 743 283 810 Oiroa
309 745 542 828 interemptum
564 742 752 809 Patroclum
779 764 889 829 pugna
916 743 1137 810 contrahitur:

117 853 193 898 cum
215 833 337 897 diuersi
360 833 519 897 exercitus
537 831 718 913 tenderent,
741 830 865 914 Graeci,
889 853 1005 917 corpus
1024 836 1063 897 ut
1082 834 1136 899 de·
1256 885 1257 894 ,

118 921 297 1003 tenderent,
320 921 465 1004 Troiani,
487 923 524 985 ut
547 920 587 985 ad
607 919 783 985 ludibrium
806 921 945 985 cadauer
963 921 1172 1005 eriperento
1256 899 1257 968 l

118 1033 138 1075 a
164 1009 311 1074 Menelao
339 1008 537 1093 Euphorbus
567 1009 726 1074 occiditur
752 1014 785 1073 et
812 1009 853 1073 ad
881 1011 1138 1075 ostentationem

120 1099 255 1184 gloriosi
290 1097 445 1163 facinoris
483 1097 623 1163 Achillis
660 1098 785 1164 exuuiis
822 1097 944 1163 Hector
981 1104 1137 1165 armatur.

119 1187 314 1252 Antilochus
337 1186 378 1251 ad
397 1186 559 1252 Achillem
581 1188 715 1251 nuntius
735 1186 836 1251 cladis
855 1192 1006 1272 acceptae
1025 1185 1138 1253 Mene·

118 1276 172 1341 lao
196 1275 339 1340 instante
362 1275 506 1341 festinat.
544 1276 600 1359 qui
623 1279 656 1339 et
678 1275 749 1359 ipsc
766 1279 880 1359 postea
899 1297 971 1341 cum
990 1275 1138 1342 Marione

118 1363 205 1429 intra
226 1364 393 1430 naualium
415 1364 618 1430 munimenta
641 1385 675 1428 se
698 1363 823 1448 recipit,
845 1386 918 1429 cum
937 1367 1010 1431 tota
1028 1366 1137 1431 moles
1160 1385 1192 1434 10

119 1453 197 1518 belli
222 1476 240 1518 a
263 1452 412 1518 Menelao
435 1451 592 1518 Aiacibus
616 1451 804 1538 ingruisset.

575 1679 675 1734 XVIII.

272 1779 321 1849 “nc
339 1783 370 1841 oi
385 1783 437 1855 μὲν
456 1785 600 1856 μάρναντο
619 1785 708 1856 δέμας
726 1782 815 1854 πυρὸς
833 1783 1001 1855 αἰθομένοιο

279 1857 354 1911 Dum
372 1856 442 1911 furit
458 1857 488 1911 in
506 1857 600 1912 medio
618 1855 689 1912 ualli
707 1857 751 1912 uis
769 1857 854 1927 ignea
871 1855 970 1912 Martis

186 1984 331 2050 Achilles
355 1985 389 2050 in
413 1967 631 2050 miserabilem
654 1953 786 2051 mollum
804 1983 949 2051 Patrocli
972 1984 1068 2050 deflet
1087 1987 1139 2052 in-
1259 1984 1260 2005 ¹

118 2073 262 2139 teritum.
299 2095 396 2158 quem
418 2073 452 2138 ui
475 2074 597 2140 doloris
622 2075 771 2140 affectum
795 2073 1040 2140 consolantibus
1064 2097 1139 2140 uer-

119 2162 171 2227 bis
194 2166 299 2227 mater
322 2163 513 2246 alloquitur:
538 2183 598 2228 nco
620 2163 763 2227 inultum
786 2164 924 2228 amioum
948 2162 1019 2228 fore
1041 2163 1175 2246 pollio

119 2273 195 2316 cens
218 2251 417 2334 perlaturam
441 2272 511 2316 sese
529 2250 668 2316 Vulcani
691 2272 782 2316 arma
798 2251 973 2334 promittit.
1011 2251 1139 2317 interea

119 2343 153 2404 et
175 2338 239 2405 Iris
263 2341 304 2404 ab
328 2339 452 2406 Iunone
475 2339 670 2425 demittitur3
695 2340 786 2405 ouius
810 2340 970 2404 instantia
988 2338 1137 2406 Achilles

119 2432 211 2494 extra
233 2429 356 2493 uallum
379 2449 573 2513 quamquam
597 2428 731 2493 inermis
750 2428 915 2511 egreditur
934 2428 1136 2493 conterritis-

120 2539 182 2601 que
214 2517 364 2598 'Iroianis
397 2540 494 2602 super
527 2516 608 2582 alios
642 2517 714 2582 aliis
744 2517 1036 2601 praecipitantibus
1069 2517 1138 2584 late

119 2605 198 2692 fuga
221 2612 254 2672 et
276 2606 374 2671 latius
397 2605 537 2672 formido
560 2606 749 2691 porrigitur.
788 2606 964 2690 eodemque
986 2609 1136 2690 tempore
1159 2625 1194 2673 10

119 2698 153 2758 at
185 2693 351 2761 Vulcanus
384 2699 534 2761 exoratus
568 2717 587 2760 a
620 2694 757 2758 Thetide
791 2697 863 2759 tota
894 2698 1002 2776 nocte,
1037 2717 1137 2778 quam

119 2785 218 2868 longa
238 2788 296 2866 est,
315 2785 469 2849 caelestia
487 2785 520 2848 in
540 2783 681 2868 gratiam
695 2782 869 2867 Nymphae
889 2804 978 2847 arma
993 2784 1138 2849 molitur.

189 3009 269 3065 XVII
288 3016 303 3065 1
323 3005 401 3082 oliv]
418 3029 484 3080 -yrcn
496 3013 523 3065 P
576 3017 592 3066 6
612 3009 782 3080 euphorbius
794 3011 834 3064 Ρ·
888 3016 904 3066 8
923 3009 1062 3066 antilocus
1074 3011 1103 3065 P

120 3082 263 3209 tkinfargte
281 3082 311 3137 P
372 3087 403 3136 11
425 3082 588 3137 amenelao
606 3082 740 3137 Aiacibus
760 3084 861 3152 Pcipcr
884 3082 1011 3137 menelao
1030 3084 1060 3136 et
1078 3081 1137 3138 aia—

121 3170 147 3208 cr
167 3171 200 3207 ue

191 3241 283 3297 XVIII
311 3247 327 3297 2
347 3241 416 3296 ualli
435 3242 582 3309 Heinsius,
601 3241 670 3297 belli
689 3242 738 3314 ΡΙ
761 3241 846 3296 marti
867 3242 895 3295 P
964 3241 1139 3296 sefflietum

120 3313 257 3368 Floribus
312 3320 327 3369 7
345 3313 402 3381 yris
424 3314 469 3381 ΡΙ
485 3314 644 3368 demittitur
663 3312 702 3367 Ρ·
717 3317 722 3383 Ι
738 3307 831 3368 achill’
847 3313 876 3367 P
925 3318 942 3368 8
962 3314 1097 3367 inhermis
1112 3315 1143 3368 Ρ

159 3383 254 3438 91ο1ο
275 3384 303 3438 Ρ
374 3391 405 3438 11
425 3383 554 3438 thethidc
573 3385 602 3438 P
672 3390 704 3437 12
723 3382 848 3454 nympha
866 3383 895 3437 P
