2540 3962
539 188 779 252 -219-

151 348 229 434 quid
246 349 355 434 ipsum
373 346 610 413 Menandrum?
633 345 710 430 quid
728 346 869 412 eomioos
888 345 1024 412 omnes?
1049 346 1165 431 quibus

150 459 265 504 seuera
290 438 359 502 uita
388 441 448 502 est.
467 440 499 500 21
525 438 612 501 laeta
639 436 785 500 materia.
831 436 908 520 quid
936 436 1035 500 etiam
1058 434 1166 501 Maro-

150 549 224 592 nem
248 526 445 592 Parthenien
468 525 591 590 dioium
615 546 713 589 eausa
735 524 890 608 pudoris?
914 523 1027 609 quiin
1051 527 1166 589 ooiauo
1186 540 1220 590 2ο

150 615 327 695 Aeneidos,
351 637 423 680 oum
447 614 643 680 describerei
666 613 788 678 coitum
806 611 944 677 Veneris
968 616 1064 696 atque
1088 612 1165 677 Vul-

151 705 236 788 eani,
259 705 521 790 αἰσχροσεμνίαν
539 703 689 767 decenter
706 702 892 767 immiscuit.
926 701 1027 785 quid?
1049 702 1084 765 in
1102 703 1165 766 ier·

151 795 199 860 tio
214 793 447 877 Georgicorum
463 791 502 857 de
517 791 700 856 summissis
718 792 752 856 in
767 811 901 876 gregem
916 789 1043 855 maritis
1058 811 1165 854 nonne

152 883 326 948 obscenam
367 881 640 968 significationem
676 879 815 944 honesta
851 878 1023 944 uerborum
1060 882 1166 943 trans·

150 971 271 1036 latione
299 967 444 1036 uelauit?
471 972 504 1034 ei
528 970 555 1033 si
579 969 656 1054 quid
685 969 718 1033 in
741 971 854 1033 nosiro
882 967 953 1033 iooo
982 967 1165 1050 aliquorum
1184 983 1218 1031 25

150 1059 321 1125 hominum
358 1057 515 1123 seueritas
546 1058 669 1122 uesiiia
700 1057 910 1142 condemnat,
946 1056 984 1121 de
1016 1055 1165 1140 Vergilio

152 1146 343 1213 arcessitum
362 1148 454 1212 soiai.
489 1146 591 1232 igiiur
613 1147 665 1212 eui
686 1146 740 1211 hie
763 1146 858 1210 ludus
876 1149 1073 1211 nosternon
1096 1144 1166 1229 pla-

152 1240 212 1320 221,
235 1257 275 1300 22
293 1236 424 1322 legerit,
447 1239 505 1300 aui
523 1257 597 1300 eum
615 1235 745 1320 legerit,
769 1235 997 1317 obliuiscetur,
1021 1237 1165 1298 autnon

153 1325 274 1391 oblitus
292 1325 451 1409 ignoscat.
484 1325 605 1389 etenim
622 1323 735 1388 fabula
753 1324 791 1387 de
810 1324 934 1408 nuptiis
953 1325 1004 1386 esi
1022 1324 1064 1405 ei,
1086 1321 1167 1386 uelit

150 1414 247 1496 nolit,
270 1413 365 1479 aliter
386 1414 468 1478 haee
490 1434 584 1478 sacra
605 1434 672 1477 non
695 1415 856 1477 constane
1185 1426 1219 1473 30

222 1595 257 1645 20
275 1587 375 1644 Donat.
395 1586 464 1643 Vita
480 1585 602 1657 Vergilii
620 1591 666 1653 22,
692 1586 770 1641 Seru.
789 1585 826 1639 ad
844 1586 870 1639 A
888 1584 901 1638 I
919 1581 958 1638 in.
978 1581 1166 1652 (Parthenias)

150 1659 258 1729 Vergil.
277 1661 303 1714 A
316 1658 384 1714 VIII
397 1665 451 1713 404
465 1676 525 1728 sqq.
549 1656 694 1712 Annianus
713 1673 759 1725 ap.
774 1655 845 1711 Gell.
865 1675 891 1710 n.
907 1672 931 1710 a.
946 1653 1026 1710 VIIII
1042 1659 1082 1721 10,
1100 1661 1112 1708 1
1125 1670 1165 1723 sq.

222 1737 256 1785 22
277 1730 383 1800 Vergil.
403 1728 428 1783 G
445 1729 485 1782 III
505 1734 555 1783 123
572 1746 632 1798 sqq.

222 1807 257 1856 24
270 1802 390 1856 honesta
403 1800 553 1855 uerborum
564 1797 761 1868 translatione]
775 1796 935 1853 uerecunde
944 1795 1066 1866 quadam
1076 1797 1167 1850 trans·

150 1871 256 1928 latione
274 1873 435 1927 uerborum:
454 1871 600 1925 Annianus
619 1870 638 1926 1.
658 1869 677 1924 1.

224 2075 257 2125 19
275 2035 448 2124 Anienem
468 2067 493 2120 Τ
512 2069 516 2136 Ι
541 2067 686 2125 Maronem
703 2069 718 2119 I
737 2080 788 2120 om.
810 2063 863 2118 ΤΘ
922 2067 956 2117 20
974 2061 1005 2115 in
1022 2075 1073 2114 om.
1093 2058 1138 2114 Gr
1160 2058 1163 2129 1

151 2197 211 2231 v111.
233 2175 259 2232 G
285 2152 334 2230 in.
359 2177 415 2244 (pr.
435 2175 515 2242 corr.)
541 2173 567 2226 Τ
637 2177 670 2226 21
695 2171 845 2226 discribere
867 2168 893 2225 G
964 2173 998 2222 22
1023 2164 1165 2235 alamose-

151 2248 238 2316 μνίαν
255 2258 278 2315 ψ
297 2237 525 2316 Διοχροσέμνιαν
544 2243 580 2308 θ,
597 2260 648 2298 om.
665 2242 709 2297 Τλ
727 2244 774 2298 sed
791 2243 882 2312 spatio
899 2255 990 2296 ausus
1007 2238 1102 2293 relicto

152 2323 186 2372 26
206 2316 320 2389 uirgilio
337 2315 365 2370 Z
429 2321 463 2370 27
483 2315 648 2369 accersitum
667 2314 694 2369 G
