2540 3962
536 199 774 265 -229-

141 358 256 440 Paule,
279 356 494 423 Camenarum
518 358 727 424 celeberrime
750 358 967 424 Castaliarum

188 445 328 512 illumne
352 446 526 530 quondam,
550 467 636 513 nune
658 452 765 532 pater,

141 533 211 600 Aut
234 557 328 619 auus,
351 539 408 600 aut
429 535 561 620 proauis
585 535 763 622 antiquior,
786 540 824 602 ut
845 535 909 601 fuit
933 536 1011 602 olim
1143 553 1159 602 5

187 623 409 690 Tartesiorum
433 625 577 710 regulus:

142 712 342 778 Intemerata
364 713 428 777 tibi
451 716 606 778 maneant
628 711 805 797 promissa,
828 717 1000 779 memento.

186 801 338 866 Phoebus
362 801 454 866 iubet
476 823 591 867 uerum
614 802 714 886 loqui.

141 888 217 954 Etsi
240 889 362 954 Pierias
386 892 511 973 patitur
533 890 632 955 lirare
655 911 796 974 sorores,

186 976 375 1062 Numquam
398 980 468 1062 ipse
491 983 622 1063 torquet
645 974 785 1044 αὔλακα.
1125 995 1158 1043 10

144 1066 190 1130 Te
215 1077 345 1152 quoque
367 1089 409 1132 ne
431 1067 544 1152 pigeat
567 1068 742 1151 consponsi
765 1067 917 1133 foederis:
941 1071 975 1134 et
997 1067 1062 1132 iam

189 1153 281 1220 (litus
307 1156 383 1222 ueni
406 1177 496 1221 remo
522 1160 579 1221 aut
601 1159 687 1235 rota,

144 1243 305 1328 Aequoris
330 1242 449 1309 undosi
473 1267 537 1328 qua
560 1243 778 1328 multiplicata
800 1266 932 1310 recursu

189 1331 354 1397 Garumna
376 1336 515 1418 pontum
537 1336 710 1418 prouocat,

145 1419 213 1485 Aut
234 1421 425 1486 iteratarum
449 1443 514 1506 qua
536 1421 648 1506 glarea
669 1422 750 1487 trita
770 1422 897 1486 uiarum
1127 1435 1160 1485 15

188 1508 265 1573 Fert
288 1510 463 1575 militarem
486 1510 528 1575 ad
549 1508 710 1575 Blauiam.

143 1595 215 1663 Nos
240 1598 360 1662 etenim
383 1599 499 1684 primis
523 1601 671 1663 sanctum
694 1601 771 1682 post
793 1599 915 1683 pascha
938 1598 1050 1663 diebus

187 1685 333 1752 Auernus
357 1707 472 1772 agrum
495 1687 609 1753 uisere.

143 1773 228 1839 Nam
251 1774 365 1859 populi
388 1780 499 1841 coetus
523 1780 557 1840 et
580 1777 723 1859 eompite
745 1775 877 1842 sordida
899 1775 977 1840 rixis

187 1861 404 1930 Fastidientes
428 1865 589 1930 cernimus
1125 1879 1159 1929 20

144 1950 313 2037 Angustus
336 1952 463 2019 feruere
486 1953 556 2018 uias
581 1955 614 2017 et
637 1974 799 2039 congrege
822 1953 920 2038 uolgo

187 2039 316 2106 Nomen
340 2042 468 2126 plateas
490 2042 634 2126 perdere.

144 2125 289 2195 Turbida
312 2130 475 2216 congestis
498 2129 651 2195 referitur
673 2130 807 2196 uocibus
831 2129 924 2195 echo:

187 2217 308 2303 ,‚Tene‚
330 2219 405 2301 feri,
428 2220 503 2303 duc,
526 2219 582 2303 da,
604 2218 717 2284 eauel“

145 2303 206 2371 Sus
229 2307 392 2372 lutulenta
414 2306 514 2393 fugit,
537 2307 669 2373 rabidus
692 2309 782 2372 canis
805 2307 926 2392 impete
951 2327 1048 2372 saeuo
1126 2320 1160 2370 25

187 2393 233 2460 Et
255 2396 397 2481 impares
421 2397 569 2480 plaustro
594 2397 703 2462 boues.

143 2481 213 2548 Neo
236 2484 370 2568 prodest
392 2485 559 2569 penetrale
584 2483 698 2550 domus
723 2487 756 2548 et
779 2487 893 2568 operta
916 2482 1038 2548 subire:

188 2571 250 2637 Per
273 2575 362 2639 tecta
385 2573 545 2639 clamores
568 2576 688 2639 meant.

143 2713 357 2724 ι--ι-ο-ι-ι-ι

217 2786 233 2834 5
253 2781 350 2837 Cicero
369 2782 404 2837 de
423 2799 479 2838 sen.
500 2789 542 2850 00,
562 2781 633 2836 Plin.
649 2799 675 2838 n.
689 2779 717 2836 h.
732 2780 785 2837 VII
801 2785 853 2836 154
872 2781 944 2852 (Val.
959 2779 1033 2836 Max.
1047 2778 1113 2836 VIII
1128 2784 1160 2834 13

145 2853 199 2907 ext.
219 2857 236 2906 4
255 2851 339 2908 Silius
357 2853 420 2908 Ital.
439 2853 478 2908 lli
498 2855 563 2924 301)

214 3070 230 3118 3
251 3080 450 3120 camoenarum
471 3061 528 3122 TG
599 3071 615 3119 5
634 3065 747 3136 proauis
766 3065 920 3135 Auectius,
938 3079 1060 3136 proauus
1080 3064 1108 3118 Z

144 3133 338 3205 troguloaT
407 3135 577 3193 9litareT
648 3143 681 3192 10
698 3153 842 3205 nunquam
863 3137 889 3191 T
895 3137 922 3193 G
937 3139 941 3205 Ι
957 3134 1050 3190 sulita
1069 3134 1097 3188 Z
1113 3150 1160 3189 au-

143 3204 205 3260 laoa
223 3207 355 3278 myron.
425 3213 457 3262 11
477 3208 562 3279 pigea
579 3209 621 3275 ΤΙ
639 3209 785 3278 consponsi
803 3224 855 3278 per
872 3207 926 3262 hoo
946 3204 1037 3261 aderis
1055 3206 1085 3260 ot
1102 3203 1161 3260 iam

143 3277 178 3332 M
254 3284 286 3334 12
314 3295 392 3335 rome
418 3280 456 3334 M
529 3284 563 3333 14
590 3295 713 3334 varunna
732 3280 770 3334 M
792 3277 947 3349 gamnaG
975 3279 979 3346 Ι
1009 3277 1108 3346 potum
1127 3273 1163 3330 M

142 3349 305 3417 pontemG
378 3356 411 3405 1⁷
436 3351 578 3406 sanetum:
606 3369 626 3404 u
643 3351 747 3406 incerto
766 3350 794 3403 Z
816 3354 821 3417 Ι
845 3365 932 3420 pasce
952 3349 979 3401 Ζ
1050 3353 1083 3402 10
1103 3362 1161 3401 sor-

143 3419 221 3490 dida]
236 3420 351 3477 turbida
359 3420 496 3477 Haustus
548 3426 584 3476 20
594 3419 772 3477 matidienter
782 3419 866 3477 Sabis.
884 3422 888 3489 Ι
904 3418 1060 3490 spernimus
1071 3417 1159 3474 Hais-

142 3492 200 3546 sius
254 3495 287 3545 m
307 3491 401 3546 feruor
417 3492 443 3546 T
455 3495 460 3557 l
476 3509 540 3547 eum
558 3509 643 3562 grege
661 3493 715 3547 Te
735 3494 779 3556 (ia
796 3507 883 3562 marc.
902 3507 973 3547 crue
989 3489 1024 3560 Τ)
1039 3492 1043 3561 Ι
1059 3489 1159 3562 uolgo]

143 3561 210 3618 ΜΘ
282 3568 316 3617 23
337 3563 469 3618 eechoI'
538 3569 571 3618 26
591 3565 740 3620 scaeuoT
