2466 3958
463 251 498 260 -
548 233 644 278 XXXV
691 252 730 261 -

244 369 347 442 Incipit
368 369 431 424 laus
455 375 494 423 sc’r
516 369 640 424 iohanni.
687 369 799 426 Summe
824 373 907 443 pater
933 388 1025 426 rerum
1053 378 1101 429 etc.

850 441 981 514 [Paulini
999 461 1019 497 c.
1045 443 1101 516 Vl]

121 515 228 580 nm*
241 513 296 566 Ino.
321 513 418 567 laudes
446 511 552 566 domini
579 529 642 566 cum
670 512 805 568 miraculo
833 515 909 583 quod
935 515 1045 569 accedit
1070 515 1102 568 in

773 584 898 639 Aeduico
919 585 1019 656 [Febr.
1034 586 1099 656 ¹165]

121 655 142 723 s.
158 658 228 710 114v
241 653 297 709 luc.
317 655 402 709 heroo
422 655 561 724 adquam
580 670 664 723 supra

243 726 302 778 Iam
320 723 392 778 mihi
409 724 546 796 polliceor
565 730 611 779 etc.
792 726 926 797 [Paulini
944 746 965 782 c.
982 727 1068 781 XXI

120 798 141 863 s.
157 800 212 851 116
237 796 294 850 Ino.
308 795 429 851 BebIani
443 795 552 851 diuerso
567 796 651 851 modo
666 797 694 851 et
708 799 798 851 metro
814 797 905 852 dictus
918 798 1019 870 [Febr.
1031 729 1100 870 ilii

82 869 138 935 af.
154 873 209 924 121
238 876 369 923 secuntur
387 868 465 922 Plori
484 866 678 937 Lugdunensis
697 867 811 922 diaconi
831 869 965 924 carmina?

151 1081 183 1147 N
185 1083 280 1169 egaui
295 1084 374 1148 olim
388 1083 526 1148 Ausonii
540 1083 581 1148 ad
594 1082 775 1164 Paulinum,
795 1083 924 1150 Paulini
939 1085 980 1150 ad
996 1086 1099 1150 Auso-

80 1173 174 1238 nium
190 1172 347 1256 epistulas
358 1194 397 1235 cx
407 1172 606 1237 coniectione
618 1173 807 1238 Ausoniana
821 1172 1100 1257 inPaulinianam,

81 1283 181 1346 quam
191 1283 258 1326 non
268 1264 388 1342 auctor,
404 1261 461 1325 sed
471 1259 631 1326 Gallicani
645 1262 743 1326 amici
754 1262 821 1325 eius
837 1261 1099 1347 instItuerunt*),

81 1371 154 1416 esse
182 1350 360 1414 translatas
388 1354 421 1413 et
449 1350 611 1434 duplicem
639 1350 757 1416 horum
785 1352 962 1416 carminum
990 1372 1099 1416 racen-

81 1441 208 1504 sionem
222 1437 372 1522 inprimis
387 1438 546 1520 epistulae
558 1436 684 1503 XXVII
696 1436 855 1526 (XXIIH)
870 1439 951 1504 mihi
963 1440 1099 1504 uidebar

81 1527 332 1611 deprehendisse
369 1525 513 1609 (Ueberl.
548 1528 611 1592 327
628 1526 727 1612 sqq.),
764 1527 901 1592 alteram
939 1528 1097 1594 librorum

81 1640 102 1680 a
122 1615 179 1699 (=
201 1613 333 1701 VPII),
357 1616 494 1680 alteram
512 1618 534 1698 β
558 1613 615 1701 (=
630 1613 718 1702 SR).
756 1613 967 1682 Schenkelius
986 1620 1098 1682 contra

81 1705 277 1787 scripturam
301 1705 459 1769 librorum
483 1706 505 1787 β
528 1704 651 1769 lacunis
676 1703 891 1769 deformatam
916 1727 953 1770 ac
978 1709 1098 1771 temere

80 1793 319 1877 interpolatam·
341 1796 451 1857 censet
474 1799 570 1877 atque
590 1815 629 1857 ex
649 1794 813 1859 communi
833 1793 925 1858 fonte
944 1798 1120 1878 utrosque·

80 1882 221 1946 fluxisse.
254 1882 352 1946 dubia
371 1904 421 1946 res
441 1885 501 1964 est,
520 1882 601 1946 illud
619 1885 730 1947 tamen
745 1883 961 1946 certissimum
978 1882 1096 1947 librum

80 1976 128 2056 II,
157 1971 243 2056 quod
272 1971 410 2055 mireris,
439 1992 513 2034 mox
545 1992 617 2035 cum
646 1970 809 2037 Vossiano
842 1973 1026 2054 conspirare
1051 1971 1098 2054 (et

80 2060 211 2145 quidem
239 2060 273 2124 in
300 2060 439 2124 Ausonii
466 2059 613 2125 oratione
641 2063 674 2123 et
701 2083 749 2144 ep.
773 2057 901 2124 XXVII
931 2057 1098 2145 (XXIIII),

78 2148 208 2214 Paulini
231 2170 255 2212 c.
280 2147 310 2212 X
335 2148 503 2232 19-102,
528 2149 701 2214 103-331
728 2153 760 2213 et
779 2171 805 2214 c.
824 2144 885 2234 XI)
909 2152 1007 2233 atque
1031 2171 1098 2213 non

79 2260 153 2302 raro
178 2260 250 2302 cum
273 2259 337 2302 uno
361 2235 525 2302 Vossiano
549 2241 662 2302 contra
690 2237 781 2303 codd.
805 2237 889 2301 Pet
912 2234 938 2302 S
965 2259 999 2302 se
1023 2258 1097 2302 con·

79 2328 226 2410 iungere,
254 2349 328 2391 mox
357 2329 471 2391 contra
500 2325 706 2391 Ausonianos
733 2326 834 2391 libros
863 2325 927 2390 VP
947 2325 1096 2390 accedere

78 2415 282 2480 Paulinianis
302 2415 396 2480 libris
413 2414 478 2480 SB
497 2411 599 2502 (quod
618 2415 655 2479 fit
673 2416 708 2480 in
726 2413 865 2479 Ausonii
884 2437 933 2498 ep.
951 2413 1096 2479 XXVIII

151 2589 179 2660 *)
199 2588 271 2645 Sane
295 2590 370 2657 quod
387 2588 520 2644 Paulinus
545 2605 587 2658 ep.
607 2587 676 2656 XLI,
698 2595 710 2642 1
735 2590 771 2642 ad
791 2588 925 2643 Sanctum
945 2592 1006 2656 (scr.
1027 2604 1049 2643 c.
1070 2605 1094 2645 a.

78 2663 143 2728 407)
163 2659 245 2715 dicit:
269 2660 407 2731 „legimus
431 2661 460 2714 in
483 2662 564 2741 tergo
589 2660 727 2729 epistulae
751 2659 964 2714 adnotationem
989 2659 1095 2729 epistu-

77 2732 183 2799 larum,
207 2749 277 2801 quas
301 2748 378 2786 meas
401 2747 461 2786 esse
485 2731 641 2786 indicastis.
682 2748 748 2786 nam
772 2747 838 2786 uere
863 2747 950 2800 prope
970 2729 1096 2786 omnium

78 2819 175 2858 earum
197 2803 240 2858 ita
257 2804 394 2858 inmemor
417 2820 507 2871 eram,
535 2803 569 2855 ut
591 2817 669 2856 meas
693 2819 753 2856 esse
776 2819 833 2856 non
855 2817 1094 2873 recognoscerem,

76 2874 132 2928 nisi
151 2874 252 2929 uestris
271 2874 374 2929 litteris
393 2873 584 2929 credidissem.
627 2873 700 2928 unde
718 2871 810 2927 maius
830 2873 928 2942 accepi
946 2875 1095 2928 documen·

76 2948 139 3001 tum
165 2945 290 3000 caritatis
313 2949 439 3014 uestrae,
463 2945 530 3014 quia
553 2943 616 3013 plus
634 2961 680 2999 me
698 2942 778 3000 nobis
802 2961 887 3013 quam
906 2943 977 2998 mihi
994 2945 1095 2998 notum

77 3033 140 3072 esse
163 3018 322 3086 perspexi“:
347 3017 400 3071 hoc
424 3017 460 3070 ad
479 3015 614 3086 epistulas
634 3015 758 3070 Nolanus
781 3016 918 3084 pertinet,
943 3031 994 3070 nec
1017 3013 1095 3069 credi

98 3088 173 3142 otest
186 3087 335 3143 Paulinum
350 3105 454 3155 earum,
469 3104 538 3155 quas
553 3086 589 3140 ad
603 3087 759 3141 Ausonium
775 3087 925 3156 scripserat
938 3089 1030 3154 antea,
1045 3086 1095 3140 ob.-

75 3106 213 3213 Xuionem
237 3159 345 3228 cepisse
368 3157 496 3213 eandem.
539 3158 589 3212 sed
611 3159 707 3212 tamen
731 3158 824 3212 minus
848 3158 933 3213 etiam
959 3157 1010 3211 has
1030 3172 1094 3211 sum

76 3245 162 3298 quam
181 3229 306 3285 Nolanas
335 3247 460 3285 seruasse
489 3246 580 3298 neque
604 3228 633 3282 in
657 3229 825 3298 scriptorum
852 3246 964 3283 suorum
992 3226 1094 3282 seriem

75 3299 244 3370 redigendas
269 3318 378 3357 curasse
403 3304 619 3357 consentaneum
645 3300 704 3354 est.v
721 3329 755 3340 -
779 3303 902 3356 ceterum
924 3316 959 3353 ex
981 3298 1094 3352 Paulini

76 3371 258 3440 carminibus,
276 3389 348 3442 quae
367 3376 434 3428 sunt
450 3371 480 3426 in
495 3371 639 3439 Vossiano,
658 3387 692 3426 ea
712 3372 879 3441 recepimus,
898 3387 969 3439 quae
988 3370 1094 3439 scripta

76 3445 142 3498 sunt
165 3461 197 3499 eo
220 3446 361 3514 tempore,
385 3459 441 3513 quo
464 3443 605 3498 coniuncti
628 3444 710 3497 erant
732 3442 870 3498 Ausonius
897 3442 927 3496 et
948 3440 1091 3508 Paulinus,

76 3517 253 3597 cognataque
277 3514 402 3585 quodam
421 3515 504 3569 modo
524 3531 587 3568 cum
606 3513 776 3569 Ausonianis
799 3531 832 3568 ex
850 3513 968 3569 Ausonii
986 3511 1091 3567 chartis

76 3587 197 3644 oriunda
215 3585 306 3642 uideri
324 3586 449 3657 possunt.

843 3673 877 3729 0*
