2534 3954
534 176 771 240 -112—

146 339 341 422 Agnoscunt
365 342 478 402 tamen
500 340 533 400 et
556 356 676 400 uanum
698 333 829 398 uibrare
851 334 1000 418 uigorem

146 427 317 511 Occipiunt
337 426 530 509 hostemque
552 444 652 488 unum
676 421 748 488 loca
770 444 838 487 non
861 425 1115 507 mansuetum,

146 515 229 582 Oum
251 516 363 600 pigros
387 516 500 599 ageret
522 513 622 578 densa
645 510 705 575 sub
729 513 825 576 nocte
848 511 992 596 uolatus,
1220 584 1223 592 Ι

145 604 247 670 Facta
269 604 355 670 nube
377 604 537 687 premunt.
578 598 798 685 trepidantem
822 603 855 663 et
877 621 969 664 cassa
991 605 1168 685 parantem

147 692 295 778 Suffugia
317 694 350 757 in
374 694 502 758 coctum
525 687 650 754 mediae
672 692 801 752 traxere
824 691 982 754 cateruae.
1133 707 1168 756 66

145 781 290 867 Eligitur
314 783 438 846 maesto
462 783 587 864 myrtus
609 776 785 842 notissima
807 776 895 860 luco,

147 869 317 936 Inuidiosa
340 870 434 935 deum
457 867 581 952 poenis.
617 865 820 930 cruciauerat
843 865 911 930 illic

148 957 267 1043 Spreta
289 957 368 1023 olim
390 977 566 1022 memorem
589 953 726 1020 Veneris
749 954 947 1038 Proserpina
969 953 1114 1020 Adonin.

147 1047 254 1112 Huius
277 1047 312 1110 in
334 1045 461 1111 excelso
485 1065 680 1128 suspensum
703 1042 815 1126 stipite
838 1041 993 1110 Amorem

147 1136 342 1201 Deuinctum
366 1137 442 1218 post
463 1137 558 1219 terga
580 1153 696 1197 manus
719 1130 960 1215 substrictaque
983 1132 1110 1216 plantis
1134 1151 1169 1200 cc

147 1223 288 1289 Vincula
311 1226 511 1289 maerentem
533 1221 625 1287 nullo
649 1219 870 1286 moderamine
893 1241 1017 1305 poenae

147 1312 320 1378 Adliciunt.
356 1333 432 1377 reus
455 1317 506 1376 est
529 1311 597 1375 sine
620 1309 769 1392 crimine,
792 1308 898 1374 iudice
919 1309 1011 1374 nullo

147 1402 330 1467 Accusatur
352 1400 464 1466 Amor.
501 1420 536 1464 se
559 1399 694 1482 quisque
718 1398 889 1463 absoluere
912 1398 1027 1483 gestit,

148 1489 338 1555 Transferat
362 1493 398 1554 ut
420 1487 569 1574 proprias
592 1487 700 1553 aliena
722 1486 758 1550 in
780 1486 917 1551 crimina
939 1487 1065 1572 culpas.

149 1578 294 1645 (iunctae
317 1579 550 1663 exprobrantes
574 1575 706 1641 tolerati
728 1575 872 1660 insignia
893 1575 952 1640 leti
1136 1592 1171 1643 66

148 1668 349 1752 Expediunt:
372 1666 454 1732 haec
477 1687 569 1730 arma
590 1666 724 1748 putant,
747 1663 828 1728 haec
849 1663 932 1728 ultio
955 1662 1078 1748 dulcis,

148 1756 209 1839 Vt,
232 1778 295 1840 quo
319 1777 465 1840 quaeque
487 1753 586 1839 perit,
610 1753 740 1818 studeat
762 1753 876 1836 punire
899 1752 1054 1818 dolorem.

149 1843 239 1909 Haec
262 1845 414 1927 laqueum
437 1847 541 1924 tenet,
564 1842 644 1907 haec
667 1841 808 1926 speciem
829 1841 991 1906 mucronis
1015 1841 1152 1908 inanem

148 1932 286 2018 Ingerit,
309 1933 368 1997 illa
391 1953 489 1998 cauos
514 1951 624 1996 amnes
648 1951 824 2014 rupemque
846 1929 1015 2015 fragosam

148 2021 325 2106 Insanique
348 2025 470 2086 metum
493 2019 602 2105 pelagi
624 2024 657 2084 et
680 2017 750 2084 sino
773 2018 924 2084 fluctibus
948 2039 1080 2102 aequor.
1135 2035 1169 2085 ‘10

149 2109 334 2176 Nonnullae
357 2110 506 2174 flammas
530 2107 683 2194 quatiunt
705 2107 916 2192 trepidaeque
939 2107 1111 2173 minantur

150 2197 330 2264 Stridentes
353 2199 443 2263 nullo
465 2199 542 2284 igne
564 2197 660 2263 faces.
697 2196 853 2262 rescindit
876 2195 1022 2261 adultum

149 2287 285 2371 Myrrha
307 2290 435 2352 uterum
458 2286 601 2353 lacrimis
623 2285 805 2352 lucentibus
828 2284 925 2369 inque
948 2289 1128 2370 pauentem

151 2375 306 2440 Gemmas
328 2375 460 2441 fletiferi
482 2376 643 2440 iaculatur
666 2373 778 2440 sucina
799 2374 915 2439 trunci.

152 2464 315 2540 Quaedam
337 2465 565 2549 ignoscentum
589 2463 696 2547 specie
718 2462 859 2527 ludibria
881 2466 1011 2527 tantum
1135 2478 1169 2528 66

151 2551 229 2619 Sola
251 2554 380 2638 uolunt,
404 2554 498 2618 stilus
521 2556 558 2618 ut
579 2551 686 2617 tenuis
711 2551 772 2616 sub
795 2552 944 2616 acumine
966 2551 1081 2634 puncti

222 2767 255 2816 61
270 2759 455 2834 ignoscuntT
490 2767 523 2816 ta
537 2762 689 2817 nactumZ
723 2765 758 2816 64
772 2761 859 2832 lacta]
874 2761 987 2816 focus
1023 2766 1057 2816 66
1073 2763 1170 2816 cetum
1255 2745 1256 2804 l

153 2834 179 2887 T
196 2837 334 2889 certumt
387 2839 421 2888 66
436 2837 545 2888 moesto
556 2833 601 2902 ΖἹ
617 2831 782 2902 myrthusT
834 2838 869 2887 68
882 2831 1012 2887 nuenario
1027 2835 1056 2902 (6
1070 2838 1170 2888 caten

150 2906 211 2972 det,
230 2921 243 2957 s
262 2921 295 2959 aa
313 2923 331 2960 n
349 2909 382 2960 ot
399 2905 470 2974 aid.)
490 2904 533 2972 ΤΙ
556 2903 643 2960 adoni
664 2903 691 2958 G
708 2903 794 2959 adoni
809 2903 851 2958 Ta
924 2907 958 2958 tc
978 2903 1085 2973 stypita
1104 2902 1135 2957 2²

151 2982 184 3031 61
204 2978 376 3030 moerentem
391 2976 435 3031 Gt
492 2981 525 3032 62
540 2975 669 3031 afficiunt
682 2975 709 3029 Z
725 2975 846 3046 alligant
859 2973 1017 3030 Soricariam
1073 2979 1106 3031 63
1122 2989 1169 3029 ac·

151 3049 263 3103 cusator
284 3046 310 3100 Τ
331 3048 477 3101 accusatus
498 3047 542 3102 Gt
563 3048 568 3116 1
593 3045 677 3116 quisq
699 3046 724 3100 Τ
742 3045 747 3119 Ι
772 3046 881 3101 soluere
903 3046 949 3114 1²1
974 3045 1064 3116 gessit
1081 3045 1108 3101 G

152 3124 186 3174 64
199 3118 336 3173 tranferat
349 3121 365 3172 t
380 3117 384 3189 l
400 3117 445 3188 nt]
460 3116 521 3172 &G
557 3123 591 3173 66
605 3118 664 3172 laeti
678 3117 733 3172 ΤΘ
774 3123 807 3172 66
822 3117 892 3172 haec
906 3118 958 3186 put
972 3132 1052 3171 arma
1065 3117 1170 3186 putant

152 3191 216 3259 (put
233 3189 295 3258 del.)
317 3187 344 3242 Τ
411 3194 445 3244 67
464 3189 509 3261 ut]
528 3191 558 3244 et
576 3188 603 3244 G
627 3189 631 3259 l
657 3189 783 3244 dolorem
803 3188 830 3242 Z
855 3187 952 3242 dolore
971 3199 993 3257 ψ
1012 3187 1112 3242 Barth.

153 3266 185 3315 ‘11
206 3261 322 3331 trepida
342 3259 493 3329 Ttrepido
512 3260 559 3314 Gt
631 3267 664 3314 73
684 3263 759 3330 myrt
778 3299 891 3314 .....
910 3257 1035 3314 lacrimis
1054 3259 1170 3329 (166666

151 3334 270 3454 quicque
287 3332 332 3388 ael
349 3347 396 3388 seo
415 3329 525 3415 littli'
541 3333 747 3414 myrralutrum
765 3333 792 3397 t,
812 3345 881 3385 corr.
901 3329 927 3385 G
942 3330 947 3399 Ι
964 3331 1096 3400 lacrymis
1115 3330 1142 3385 G
1162 3333 1165 3402 l

164 3403 311 3458 ucentrbus
329 3415 352 3472 ψ
371 3403 528 3484 Accwrsrac·
541 3401 704 3485 lugentibus
720 3401 765 3469 ΖΙ
790 3403 935 3470 parentem
954 3405 970 3455 7.
992 3417 1075 3484 paror
1094 3403 1167 3471 (del.)

151 3474 383 3611 pqupgrpgcgntes
403 3478 438 3596 qq
455 3470 584 3528 flectrferr
605 3473 630 3526 T
648 3473 652 3543 l
677 3471 836 3526 iaculantur
855 3473 881 3525 T
899 3473 904 3543 Ι
929 3488 1043 3528 succina
1063 3473 1121 3528 TG
