2532 3954
5 341 7 420 ζ
113 349 281 415 Praesidis
304 348 553 434 Hispanumque
576 351 640 415 tibi
661 351 803 417 tribuere
825 352 977 420 tribunal.

113 438 285 505 Deoedens
308 437 455 522 placidos
478 459 585 504 mores
607 440 850 526 tranquillaque
872 442 960 509 uitae

113 526 279 611 Tempora
301 526 473 610 praediues
495 528 597 592 finisti
620 529 695 594 sede
719 526 873 596 Oaduroa.
1098 551 1131 601 ro

112 613 179 681 Sed
202 616 332 701 patriae
355 621 388 680 te
410 616 482 681 iura
504 622 626 683 uocant
649 625 682 683 et
704 618 798 703 origo
820 623 1007 706 parentum,

111 703 313 790 Burdigalae
336 710 374 770 at
396 727 525 771 rursum
548 727 667 773 nomen
690 706 728 772 de
751 707 882 773 rhetore
905 708 1029 776 reddas.

5 899 7 982 Ι
54 899 117 948 [eos]
164 877 267 933 XVIII.
300 876 705 1005 MARCELLONMAROELLI
722 881 819 938 FILIO
839 881 1082 942 GRAMMATICO

6 985 7 990 κ
527 950 748 1008 ARBONENSI.

112 1057 187 1124 Neo
207 1063 242 1124 te
264 1057 419 1125 Marcello
443 1060 602 1144 genitum,
625 1059 792 1145 Marcelle,
814 1062 932 1148 silebo,

159 1147 288 1231 Aspera
310 1169 406 1231 quem
429 1149 576 1233 genetrix
598 1149 692 1229 urbe,
717 1149 812 1216 domo
835 1151 977 1236 pepulit:

113 1233 178 1300 Sed
200 1235 337 1302 fortuna
357 1240 476 1320 potens
499 1238 565 1303 oito
587 1236 726 1303 reddidit
749 1239 859 1304 omnia
882 1245 915 1305 et
938 1241 1043 1308 auxit:

157 1324 327 1390 Amissam
350 1325 492 1409 primum
514 1324 625 1391 Narbo
649 1325 737 1391 dedit
758 1327 911 1412 patriam.

111 1410 245 1480 Nobilis
267 1413 321 1478 hio
344 1413 465 1498 hospes
489 1411 673 1480 Clarentius
695 1415 804 1481 indole
827 1421 935 1482 motus
1113 1435 1130 1486 o

158 1503 303 1588 Egregia
326 1506 438 1568 natam
463 1502 614 1588 coniugio
638 1503 805 1569 adtribuit

5 1603 6 1644 ³
110 1593 191 1658 Mox
215 1589 327 1658 schola
350 1596 385 1656 et
407 1591 536 1657 auditor
558 1593 679 1658 multus
701 1595 935 1680 praetextaque
957 1595 1061 1678 pubes

5 1707 6 1712 ¹
157 1679 373 1746 Grammatioi
395 1701 516 1745 nomen
537 1680 733 1768 diuitiaeque
756 1681 854 1747 dedit.

112 1769 179 1837 Sed
199 1781 380 1854 numquam
403 1770 513 1854 iugem
536 1791 665 1835 cursum
687 1769 819 1838 fortuna
842 1771 1010 1858 secundet,

156 1858 355 1924 Praesertim
377 1857 473 1942 praui
494 1862 615 1924 nancte
637 1859 744 1924 uirum
766 1859 899 1945 ingenii.
1096 1879 1130 1929 ιο

111 1949 235 2016 Verum
259 1946 424 2013 oneranda
447 1947 527 2011 mihi
549 1969 617 2013 non
640 1951 729 2033 sunt,
751 1949 964 2015 memoranda
985 1952 1094 2035 recepi

156 2036 254 2118 Feta,
279 2037 331 2100 sat
353 2039 404 2100 est
428 2034 552 2100 dietum
575 2041 690 2102 cuneta
712 2036 836 2121 perisse
860 2037 970 2104 simul:

110 2124 189 2192 Non
211 2129 324 2190 tamen
347 2128 381 2188 et
402 2145 535 2210 nomen,
558 2147 621 2209 quo
644 2130 677 2190 te
698 2148 767 2192 non
787 2125 917 2211 fraudo,
940 2131 1107 2212 receptum

155 2214 247 2280 Inter
270 2213 503 2298 grammaticos
524 2215 713 2298 praetenuis
736 2215 852 2281 meriti.

53 2392 113 2444 μω]
264 2367 379 2423 xvnn.
402 2368 567 2425 seorsus
583 2369 734 2428 serron
751 2370 977 2429 ronosnuvs.

107 2480 253 2566 Relligio
278 2483 341 2560 est,
363 2479 501 2546 tacitum
525 2480 553 2544 si
575 2484 621 2564 te,
646 2478 775 2566 Sedete,
798 2481 993 2568 relinquam,

155 2569 315 2647 Quamuis
339 2567 477 2634 docendi
499 2591 615 2634 munus
638 2568 769 2655 indepte
792 2591 825 2634 as
850 2571 938 2636 foris.

109 2657 303 2725 Communis
326 2658 435 2741 patria
458 2662 637 2723 esttecum
661 2657 755 2723 mihi:
780 2662 868 2724 sorte
890 2660 1033 2743 potentis

155 2747 230 2812 Fati
254 2745 407 2812 Tolosam
430 2751 568 2811 nanetus
592 2767 626 2811 es
650 2747 759 2812 sedem
782 2747 922 2813 scholae.

108 2835 183 2901 illie
206 2833 395 2920 coniugium
418 2835 773 2920 natiqueopulensque
797 2841 945 2902 senectus
1111 2855 1127 2904 5

154 2923 200 2990 Et
222 2923 328 3006 fama,
351 2944 470 3010 magno
495 2925 601 3009 qualis
625 2930 675 2990 est
698 2947 758 3009 par
780 2925 912 2992 rhetori.

108 3041 326 3050 *na-

182 3089 215 3137 17
235 3084 265 3138 te
283 3080 396 3136 rhetore
415 3081 549 3138 Heinsius

180 3170 275 3227 XVIII
292 3170 331 3226 fil.
350 3168 514 3226 Grammati.
536 3169 577 3225 V*
652 3177 665 3226 1
685 3171 796 3242 genitos
821 3171 862 3226 V*
880 3187 948 3228 corr.
968 3173 1066 3228 Dooso

109 3248 126 3296 2
145 3242 270 3313 genitrix
292 3241 331 3295 V*
402 3248 418 3296 3
439 3245 468 3297 et
486 3241 581 3296 omnia
604 3241 645 3296 V*
665 3241 760 3298 omnia
778 3245 808 3298 et
826 3244 968 3298 Relmorm
985 3244 1067 3298 toeite

111 3311 449 3440 ligregilmhobbrdbrdd
461 3313 595 3440 Vama
603 3321 850 3457 Scalqyequqqqqm
871 3313 911 3369 V*
985 3319 1018 3369 10
1040 3316 1128 3370 mela

181 3471 289 3527 XVHII
347 3478 363 3526 2
390 3471 506 3542 indepte
533 3473 573 3527 V*
608 3490 678 3530 corr.
711 3473 833 3544 Soob’per
857 3479 883 3539 1,
905 3475 943 3528 12
979 3472 1126 3542 indeptum

111 3543 210 3600 Doueo
227 3544 360 3614 indeptus
384 3544 499 3600 Vinctos
584 3550 602 3598 4
619 3547 719 3600 neotus
739 3545 780 3600 V*
866 3543 993 3613 equalis
1012 3549 1056 3601 est
1073 3563 1126 3616 par

165 3643 296 3686 Avsomve.
949 3639 965 3686 ὅ
