2466 3958
482 208 522 218 -
569 188 720 234 XXXXllll
766 205 811 215 -

135 334 164 398 d.
184 334 228 398 24
247 330 335 415 Sept
358 331 452 396 1494.
474 329 570 394 rediit
556 333 634 413 tque
658 328 726 394 sine
750 328 848 393 dubio
872 328 973 393 codex
995 332 1074 413 post
1094 329 1164 394 Po-

135 422 243 486 litiani
270 424 408 485 mortem
431 417 597 484 Veronam
626 418 666 482 ad
696 439 768 485 eum
797 418 852 500 qui
880 418 1163 485 commodauerat

136 511 265 594 iamque
280 509 408 573 facilius
423 508 552 572 uidetur
564 507 781 572 coniecturum
797 507 913 589 444644,
926 507 1012 570 unde
1026 510 1163 573 uenerit

136 600 220 664 liber
238 620 336 683 quam
361 618 423 681 quo
448 594 650 680 disparuerit
687 617 763 660 nam
782 593 932 659 Veronae
951 595 1053 660 fuisse
1077 597 1164 664 olim

137 688 172 752 in
199 686 302 751 biblio
304 687 399 752 theca
427 685 637 750 celeberrima
670 684 803 767 capituli
837 684 908 769 quis
941 705 1007 748 non
1039 687 1162 750 statim
1229 684 1230 738 l

138 775 280 859 suspicet
265 774 340 840 4444
376 775 433 838 444
468 796 539 839 cum
572 773 699 858 integer
727 776 830 854 44444,
798 772 1038 837 4Ρ44444444
1074 779 1163 858 puto

139 887 212 930 eum
223 863 466 928 describendum
477 862 603 927 curauit
613 865 670 926 aut
684 862 880 944 descriptum
892 883 978 926 exeo
989 864 1165 948 exemplar

140 954 232 1036 emit,
255 952 340 1037 quod
367 956 441 1036 post
464 951 531 1015 eius
554 954 690 1016 mortem
710 951 744 1013 in
765 951 975 1016 Ticinensium
998 952 1164 1016 comitum

139 1043 258 1107 bibliot
244 1041 403 1105 tthecam
389 1039 529 1104 transiit.
562 1061 713 1104 mancum
726 1047 800 1123 post
801 1043 887 1104 6444
904 1041 1055 1102 truncum
1071 1041 1164 1105 alius

140 1131 269 1216 quidam
290 1128 398 1194 nescio
419 1151 482 1215 quo
498 1150 583 1194 anno
602 1128 858 1216 transcr1ps1tn1
850 1127 1006 1191 fallor''
997 1150 1029 1190 1n
1051 1150 1165 1192 exem·
1230 1191 1231 1210 ,

139 1220 212 1304 pler
245 1219 457 1283 Harlcicuum
485 1217 587 1299 26133
624 1237 727 1300 neque
770 1201 907 1282 alterum
943 1214 1165 1282 Harleianum

141 1308 275 1373 41471
301 1307 402 1390 script
403 1328 457 1370 um
478 1265 627 1370 Veronae
652 1304 793 1370 alienum
822 1306 864 1370 ab
892 1326 929 1370 eo
956 1304 1166 1373 crediderim.

139 1419 216 1461 nam
250 1396 277 1460 si
309 1394 491 1460 Ticinensis
519 1394 602 1460 liber
631 1415 668 1458 ex
696 1393 756 1457 Pet
757 1395 890 1459 4444444
923 1415 1035 1458 museo
1064 1394 1165 1460 Vice-

141 1487 296 1550 comitum
320 1483 538 1549 bibliothecae
565 1482 754 1548 441402
778 1483 888 1547 condit
874 1487 927 1548 446
951 1482 1073 1548 4414444
1099 1488 1166 1569 644,

141 1576 194 1659 qui
220 1575 288 1638 fieri
313 1573 433 1658 potuit,
463 1572 579 1636 utillo
604 1593 689 1636 anno
713 1571 862 1636 Veronae
887 1572 1037 1636 suumin
1061 1595 1165 1637 usum
1231 1645 1232 1658 ¹

141 1651 337 1727 describeret
352 1660 389 1726 St
323 1623 535 1746 tteplhanus
550 1660 605 1724 ille
621 1660 659 1724 de
674 1659 769 1726 Nouo
785 1664 877 1724 mont
863 1659 919 1725 444
937 1681 1041 1744 neque
1059 1683 1164 1744 porro
1231 1659 1232 1666 '

142 1751 247 1815 aliena
270 1751 422 1814 uidentur
441 1748 651 1834 Pythagorici
676 1749 872 1832 exemplaria
895 1771 992 1834 supra
1015 1771 1165 1815 comme·

143 1844 284 1922 morata,
309 1838 394 1923 quod
417 1841 589 1923 utrumque
617 1859 719 1922 prope
745 1836 851 1902 Venet
837 1843 889 1902 tos
919 1838 1028 1922 potius
1060 1861 1166 1922 quam

143 1927 248 1992 Ticini
272 1927 429 2012 scriptum
451 1926 589 1990 uidetur.
612 1963 649 1971 —
672 1927 742 2010 ipse
766 1925 879 1992 deinde
903 1929 1051 1990 uetustus
1074 1928 1166 1993 liber

142 2016 342 2081 Florentiam
362 2015 527 2100 migrauit,
547 2014 603 2078 ubi
622 2015 795 2080 uidendum
814 2038 891 2080 num
906 2015 1064 2080 Antonius
1076 2017 1164 2081 Ber·

142 2107 248 2170 464444
263 2106 430 2189 quaedam,
444 2126 525 2188 quae
540 2104 679 2168 maxime
693 2103 881 2186 arriderent,
895 2125 934 2168 ex
948 2125 985 2168 64
999 2105 1166 2190 hauserit3

143 2199 220 2277 post
233 2193 373 2258 reditum
382 2195 490 2258 nescio
501 2215 544 2257 44
555 2194 725 2276 44444444,
736 2215 807 2257 cum
817 2193 955 2258 alteram
969 2199 1101 2278 pararet
1112 2217 1166 2259 re-

144 2283 328 2347 censionem
348 2304 448 2362 suam,
468 2303 565 2368 quam
583 2281 733 2346 Venetiis
753 2304 781 2346 a.
801 2282 886 2347 1507
907 2282 935 2345 d.
949 2281 1015 2346 VII
1035 2281 1164 2366 Aprilis

144 2370 284 2435 Ioannes
230 2369 469 2523 t{pippinus
493 2371 531 2436 de
552 2370 685 2436 Tridino
705 2371 821 2452 emisit,
845 2392 882 2436 eo
902 2392 978 2435 usus
998 2372 1050 2435 444
1081 2394 1162 2437 nam

145 2461 173 2523 is
198 2461 244 2524 444
266 2482 298 2543 p.

217 2561 327 2632 ‚Q,uarc
346 2580 410 2618 cum
428 2581 517 2634 nuper
534 2565 685 2647 repererim
705 2526 814 2633 aliquot
827 2563 944 2618 Ausonii
957 2563 1082 2618 earmina
1101 2562 1164 2618 diu

146 2635 181 2689 in
199 2605 268 2688 4444
282 2633 437 2689 44444444
451 2635 479 2689 44
493 2635 562 2690 locis
575 2634 734 2706 plaerisque
748 2633 993 2704 deprauatissima:
1013 2633 1165 2689 aestatim

147 2709 198 2774 (ne
217 2721 355 2775 prorsus
373 2705 540 2775 perirent)
560 2723 611 2776 pro
631 2706 737 2760 uiribus
756 2705 907 2760 emendans
925 2705 1103 2760 reformaui.‘⁴

147 2837 229 2899 quae
256 2815 357 2880 46444
386 2815 477 2880 44114
506 2816 602 2881 modo
629 2815 790 2900 pertinere
819 2823 958 2899 possunt
984 2835 1088 2897 neque
1119 2816 1165 2880 ad

148 2903 352 2969 Ticinensem
378 2925 482 2987 neque
510 2904 550 2969 ad
578 2903 798 2968 Harleienum.
844 2903 960 2988 Itaque
984 2903 1165 2968 44444444

149 2992 297 3077 quaestio
321 3014 402 3076 quae
431 2993 474 3056 sit
496 2991 747 3058 Harleianorum
772 3014 845 3057 cum
873 2992 1049 3074 Ticinensi‚
1078 3015 1164 3076 quae

148 3080 328 3146 Auantiani
352 3084 522 3145 contextus
546 3103 618 3146 cum
641 3083 692 3146 his
716 3082 807 3146 libris
832 3081 1028 3162 coniunctio,
1055 3080 1163 3146 denuo

148 3170 320 3235 tractanda
339 3170 414 3234 erit:
433 3192 494 3234 nos
512 3171 644 3234 interim
664 3171 709 3236 644
724 3171 870 3236 contenti
890 3192 960 3234 esse
982 3169 1163 3252 debuimus,

149 3282 230 3344 quae
257 3257 437 3324 Vossianus
466 3259 506 3323 ad
533 3258 673 3324 Parisini
704 3260 860 3324 lectiones
895 3257 1054 3324 sanandas
1086 3280 1164 3341 sup-

149 3348 326 3432 peditabat.

216 3436 310 3502 Vnde
326 3440 434 3502 autem
452 3437 631 3521 pretiosum
650 3436 736 3501 hunc
751 3436 870 3502 librum
884 3435 1092 3501 Veronenses
1105 3435 1164 3500 44-

149 3527 294 3609 buerint,
317 3526 413 3590 facile
437 3525 551 3592 estad
574 3525 806 3592 coniciendum.
842 3525 1057 3592 Bobienscs
1083 3526 1162 3589 olim
