2540 3962
504 175 746 240 -230-

1119 251 1140 283 b

112 333 204 400 Haec
227 337 260 398 et
283 355 365 418 quae
387 336 525 418 possunt
546 333 690 416 placidos
714 334 875 400 offendere
898 358 1016 420 mores,

158 421 287 508 Cogunt
308 421 446 506 relinqui
471 422 612 505 moenia,
1094 444 1130 494 οο

113 509 231 578 Dulcia
254 510 371 577 secreti
394 513 582 594 repetantur
605 514 641 576 ut
664 511 733 576 otia
755 512 855 595 ruris,

159 599 265 684 Nugis
289 620 425 665 amoene
448 599 550 665 seriis.

112 688 273 771 Tempora
296 687 449 771 disponas
472 687 529 754 ubi
552 690 589 751 tu
612 690 670 750 tua
691 687 806 772 iusque
828 692 921 755 tuum
945 691 1003 774 sit,

157 775 205 842 Vt
226 777 275 841 nil
299 797 378 862 agas
401 777 453 841 uel
477 776 563 861 quod
586 774 686 841 uoles.

112 863 165 929 Ad
189 887 271 948 qnae
294 864 323 929 si
345 886 515 949 properas,
537 867 611 930 tota
634 886 706 930 cum
730 886 834 930 merce
857 869 987 932 tucrum
1094 886 1129 936 35

156 951 243 1018 Veni
265 974 472 1019 camenarum
495 953 588 1019 citus.

110 1041 313 1126 Dactylicos‚
337 1040 460 1126 elegos,
484 1041 707 1107 choriambum
731 1064 876 1122 carmen,
899 1045 1033 1129 epodos,

155 1128 247 1195 Soaci
272 1133 304 1194 et
327 1131 458 1195 coturni
480 1130 639 1195 musicam

110 1217 282 1302 (lerpentis
305 1218 435 1303 impone
458 1219 542 1284 tuis:
565 1241 642 1284 nam
664 1221 738 1284 tota
760 1218 906 1303 supellex

153 1305 275 1371 Vatum
298 1307 426 1391 piorum
450 1307 583 1372 chartea
606 1311 665 1374 est.
1093 1327 1130 1377 4ο

109 1394 289 1462 Nobiscum
311 1395 459 1461 inuenies
482 1391 555 1462 κατ’
582 1395 732 1479 ἐναντία,
761 1396 897 1463 silibet
920 1397 968 1462 uti

153 1483 231 1549 Non
254 1494 389 1570 προῖκα,
414 1484 469 1550 sed
494 1483 617 1550 Graeca
640 1485 711 1548 fide.
933 1489 935 1494 '

56 1695 102 1736 vn
117 1696 259 1745 [uocum]
334 1663 339 1673 '
383 1675 617 1732 asseruerim
635 1674 757 1732 anno
778 1677 855 1734 sve.

175 1797 298 1868 Versus
325 1825 414 1869 meos
444 1804 519 1868 utili
549 1807 581 1868 et
610 1803 740 1869 conscio
770 1805 833 1869 sibi
858 1810 979 1889 pudore
1009 1804 1129 1872 celatos

110 1890 252 1957 carmine
279 1895 335 1957 tuo
364 1895 397 1956 et
425 1913 573 1957 sermone
601 1893 789 1976 praemissis
818 1892 895 1958 dum
923 1896 1019 1977 putas
1047 1894 1130 1980 elici,

109 1981 305 2062 repressisti:
331 2001 407 2046 nam
427 1981 482 2065 qui
501 1981 571 2066 ipse
589 1981 748 2046 facundus
768 1985 800 2046 et
817 1982 959 2056 musicus
978 1982 1130 2048 editionis

110 2068 234 2134 alienae
261 2069 422 2153 prolectat
450 2069 631 2154 audaciam,
661 2070 811 2150 consilio,
839 2093 901 2152 quo
926 2070 1051 2156 suadet,
1079 2094 1130 2137 ex·
1266 2145 1267 2162 χ

109 2159 219 2222 terret
273 2161 366 2242 tegat
397 2161 528 2242 oportet
560 2158 688 2224 auditor
721 2158 903 2225 doctrinam
935 2181 1041 2242 suam,
1074 2160 1165 2246 quis

110 2246 201 2310 uolet
219 2245 260 2310 sd
280 2246 450 2311 dicendum
474 2246 652 2312 sollicitare
671 2247 898 2331 trepidantem,
917 2270 976 2313 nec
995 2249 1131 2314 emerita

111 2334 284 2400 aduersum
318 2334 499 2401 tirunculos
533 2357 624 2400 arma
656 2336 821 2403 concutiat
852 2338 1008 2402 ueterana
1040 2338 1130 2403 ealli-

111 2422 205 2488 ditas.
252 2423 355 2489 sensit
380 2423 443 2490 hoc
466 2422 578 2489 Venus
606 2424 645 2489 de
668 2425 920 2510 pulchritudinis
942 2425 1053 2510 palma
1077 2425 1131 2491 diu

111 2511 265 2596 ambiguo
299 2512 457 2595 ampliata
490 2513 619 2578 iudicio.
664 2514 823 2597 pudenter
856 2513 941 2578 enim
973 2518 1011 2579 ut
1044 2513 1131 2599 apud

110 2603 237 2682 patrem
260 2601 369 2666 uelata
392 2605 574 2668 certauerat
591 2624 652 2667 nee
671 2603 854 2667 deterrebat
872 2604 1016 2669 aemulas
1036 2625 1130 2669 orna-
1151 2618 1185 2668 10
1266 2601 1267 2616 ’

181 2792 234 2848 VII
252 2799 269 2849 8
287 2792 394 2864 Vergil.
411 2792 437 2846 A
454 2793 480 2847 X
495 2801 528 2850 16
539 2810 599 2863 sqq.

183 2957 217 3006 33
237 2967 337 3008 amena
358 2953 424 3008 TM
439 2969 558 3008 amoena
578 2953 604 3009 G
623 2954 715 3009 amica
734 2957 763 3009 et
776 2955 913 3010 Heinsius
967 2961 1001 3010 33
1021 2971 1130 3010 camoe-

111 3038 212 3078 narum
233 3022 290 3079 Te
348 3023 549 3079 3‘1dactilicos
570 3025 597 3079 Τ
613 3025 740 3094 dactylos
759 3027 797 3082 M
808 3027 813 3092 1
829 3027 1009 3096 coryambum
1030 3026 1057 3081 Τ
1072 3041 1132 3081 oer-

111 3093 237 3150 iambnm
258 3095 285 3151 G
300 3097 304 3160 1
320 3095 351 3150 ct
367 3095 454 3164 pedes
475 3096 513 3148 M
575 3101 610 3150 38
629 3095 751 3168 coturni]
773 3097 811 3151 M
816 3096 842 3153 d
860 3096 990 3154 cothurni
1011 3097 1037 3151 T
1096 3100 1132 3151 40

112 3165 229 3222 carthea
250 3165 276 3221 G
294 3165 393 3222 certhe
414 3163 440 3220 Τ
456 3169 551 3221 certes
566 3167 604 3219 M
656 3173 689 3222 41
709 3167 876 3222 katenentie
893 3167 949 3224 Te
968 3167 1133 3223 cateneneia

148 3241 183 3292 43
201 3243 306 3306 προῖκα
330 3237 415 3306 Wat,
435 3252 528 3307 poena
549 3237 692 3307 Tpoema
709 3239 744 3294 M
761 3254 854 3308 penna
874 3239 901 3296 G

73 3327 101 3378 Z
184 3324 237 3380 VII
273 3323 369 3397 equi]
390 3339 444 3395 que
465 3326 526 3395 Ml
548 3325 682 3380 edictioni
703 3326 729 3381 Τ
749 3325 867 3381 editioni
887 3326 958 3382 GM
974 3343 1043 3383 corr.
1063 3325 1132 3382 Gro-

113 3396 215 3477 aouiuc
287 3395 925 3522 4000100101Ᾰο,100101Τ1000100οΜ
993 3397 1132 3468 8pulcri-

113 3465 221 3522 tudinis
243 3467 309 3523 ΤΜ
376 3474 465 3537 9pru
485 3467 611 3523 entend
684 3472 717 3521 10
736 3469 843 3524 uelata
862 3469 977 3538 (ilaec
997 3469 1023 3524 Τ
1040 3484 1132 3539 nequa

116 3536 188 3592 GM
202 3540 206 3607 Ι
223 3538 370 3594 deterebet
391 3539 416 3595 Τ
