2540 3962
518 229 572 258 1-
622 195 687 259 275
736 232 774 242 -

145 351 178 416 Is
201 373 287 416 nuno
311 351 476 436 adusque
498 356 610 417 uectus
633 353 880 440 Hebromagum
903 361 994 421 tuam
1127 376 1161 426 ³5

192 438 308 505 Sedem
330 440 454 506 locauit
477 440 651 522 meretur,

145 529 194 593 Vt
215 529 292 594 inde
313 549 416 594 nauso
441 529 581 594 deuehat
603 529 770 615 <cibaria>

189 616 330 683 Nostros
354 617 389 682 in
411 639 503 704 usus,
526 621 564 683 ut
585 618 694 685 refert.

145 704 242 771 Hunc
265 728 343 793 ergo
367 706 545 791 paucisne
568 709 714 803 granerio
740 708 904 794 hospitem

145 884 290 949 Adaotus
313 887 351 948 ut
373 905 450 949 mox
471 884 565 950 nauis
590 886 711 952 auxilio
734 891 809 952 tuac

190 970 242 1036 Ad
265 993 366 1056 usque
389 975 503 1057 portua
528 974 638 1058 oppidi

144 1060 216 1126 Iam
239 1061 305 1126 iem
328 1060 500 1142 Perusina,
523 1062 589 1151 iam
614 1061 794 1150 Saguntina
815 1063 903 1132 fame

189 1148 407 1214 Lucaniacum
430 1150 556 1216 liberet.

143 1237 216 1303 Hoc
240 1239 267 1302 ai
290 1238 501 1322 impetratum
524 1261 641 1304 munus
666 1241 724 1306 aba
747 1246 780 1306 te
805 1264 971 1328 accepero,
1126 1260 1160 1309 45

188 1326 283 1393 Prior
306 1328 412 1392 colere
435 1350 532 1412 quam
557 1325 666 1394 Ocres:

144 1414 371 1500 Triptolemon
393 1416 486 1500 olim,
510 1417 579 1482 siue
606 1418 828 1502 Epimenidem
852 1426 986 1504 uocant,

137 1514 139 1518 '
188 1503 256 1568 Aut
279 1505 458 1570 uiliconum
480 1504 660 1592 Buzygem,

142 1592 213 1659 Tuo
237 1594 353 1660 locabo
376 1594 602 1678 postferendos
625 1594 764 1678 numini,

185 1681 273 1747 Nam
297 1705 416 1748 munus
438 1683 501 1749 hoc
523 1684 581 1749 fiet
603 1687 706 1749 tuum.

213 1916 248 1965 43
267 1911 369 1966 Lucan.
388 1911 453 1965 141
478 1909 616 1967 Perusina
633 1912 731 1967 fames.

213 1986 248 2036 46
268 1981 303 2036 ef.
324 1981 436 2037 Seruius
456 1983 492 2037 ad
511 1983 615 2054 Vergil.
636 1983 661 2039 G
679 1985 691 2038 1
711 1988 744 2038 19

213 2058 248 2107 47
267 2051 340 2111 Plin.
358 2071 386 2108 n.
405 2053 433 2108 h.
452 2053 504 2108 VII
524 2059 574 2110 199
597 2055 700 2110 bouem
723 2058 753 2110 et
775 2055 902 2110 aratrum
925 2054 1052 2126 Buzyges
1071 2054 1159 2110 Atha·

141 2123 246 2178 niensis
267 2123 406 2194 (inuenit),
426 2124 534 2194 otalii,
553 2125 751 2196 Triptolemus.
789 2127 879 2182 Varro
904 2127 940 2182 de
962 2143 993 2182 re
1010 2127 1078 2182 ruet.
1097 2127 1124 2182 11
1143 2131 1159 2181 ὁ
1264 2135 1265 2168 ³

142 2197 179 2250 ab
197 2195 251 2250 hoc
269 2211 370 2266 pecore
389 2195 508 2252 Athenis
526 2195 653 2268 Buuugea
670 2196 848 2254 nobilitatus.

143 2323 357 2334 ——--—

214 2411 247 2463 ea
276 2408 500 2480 hebromagum
529 2409 555 2464 e
633 2415 667 2466 er
696 2408 805 2466 auara
830 2412 894 2467 aaa.
917 2411 1018 2482 Paper
1044 2425 1095 2466 aa.
1120 2410 1160 2476 a·
1264 2391 1265 2484 j

140 2480 281 2535 senarium
302 2481 412 2536 raucae
430 2481 564 2536 librarius
583 2480 620 2548 Τ,
642 2499 670 2537 u.
691 2487 725 2537 38
748 2482 972 2552 quateremur,
1000 2499 1019 2536 u
1036 2481 1161 2552 muratae
1264 2487 1265 2534 l

140 2566 274 2607 reuocant
299 2552 438 2608 tremores
459 2553 623 2619 uersicolor,
651 2553 787 2626 louyioree
812 2555 851 2608 ad
878 2554 987 2608 laeuam
1005 2553 1159 2622 proferena.
1264 2549 1265 2598 l

141 2622 174 2676 ut
196 2622 214 2676 i.
233 2639 322 2678 nauso
346 2622 407 2677 siue
429 2623 498 2678 naui
520 2621 631 2679 deferat
647 2623 772 2694 &aaziae
790 2628 853 2692 2,9
875 2625 973 2694 (nauso
991 2622 1084 2679 aliaue
1103 2640 1160 2692 qua

139 2693 208 2748 naui
225 2695 363 2818 supraque
375 2695 480 2821 pilei)
505 2693 662 2823 dwelffg
683 2694 811 2821 taitpicpdm
828 2693 944 2820 {wip
1010 2699 1056 2820 4gi
1063 2710 1163 2820 atenim}
1264 2701 1265 2728 i

140 2780 444 2892 llllltl'taalla“
472 2782 642 2907 ‘liuditum
689 2842 723 2892 43
738 2781 1162 2910 uellrllutlltdaffir
1264 2799 1265 2872 i

139 2923 269 2976 peresam
283 2907 341 2962 iam
356 2907 382 2963 θ
406 2924 489 2979 parea
508 2909 597 2964 aamic‘,
611 2908 650 2964 M
663 2909 801 2965 Perusina
813 2907 959 2966 Auentino
979 2912 983 2976 Ι
1009 2909 1160 2980 saguntina

141 2977 168 3032 Τ
172 2979 210 3032 Μ
224 2981 228 3046 Ι
249 2977 324 3034 lame
346 2979 385 3033 Μ
440 2985 475 3035 48
494 2979 660 3036 uilliconum
675 2981 776 3052 Pea‘per
795 2980 840 3051 (cf.
855 2979 962 3051 Appul.
978 2979 1011 3036 da
1023 2996 1094 3050 may.
1109 2981 1158 3048 87)

140 3048 294 3105 tullianum
313 3049 466 3119 (lulianum
481 3051 518 3120 G)
527 3051 555 3105 Z
623 3057 659 3108 4⁷
676 3052 841 3124 triptolemo
856 3051 946 3108 nolim
960 3050 1005 3122 ΤΙ
1028 3051 1087 3106 siue
1101 3067 1159 3105 me·
1264 3059 1265 3096 ὲ

142 3119 208 3174 dem
231 3121 346 3190 (moden
365 3123 413 3191 Μ)
435 3139 519 3192 quem
542 3126 648 3179 nocant
669 3123 697 3178 Ζ
718 3139 788 3182 οων.
807 3123 931 3180 ascuto
954 3123 959 3192 Ι
987 3121 1111 3177 bnairem
1136 3121 1162 3175 T
1264 3129 1265 3132 ’

139 3191 261 3246 Buuizen
285 3192 355 3248 Me
376 3209 445 3250 cerr.
464 3195 700 3252 nauciacum
772 3200 807 3249 49
835 3196 901 3264 poet
926 3192 1071 3248 ferrando·
1097 3192 1123 3247 G
1153 3192 1156 3264 l
1264 3217 1265 3234 1

138 3263 247 3318 nomini
263 3263 291 3317 Z
306 3279 376 3321 corr.
392 3264 534 3323 Bolum
