2538 3964
479 200 633 265 -479
682 237 719 247 —

196 357 312 411 machus
336 357 372 412 ed
394 356 499 412 Auson.
523 355 603 427 Ι-23,
628 364 641 411 1
666 357 735 426 quid
758 358 782 412 si
805 373 856 429 ego
884 377 966 415 cenas
990 359 1105 431 dapales

197 431 226 482 et
250 426 356 483 Saliare
380 427 553 498 conuiuium,
576 432 638 484 tum
661 429 859 485 uiscerationes
883 435 967 500 atque
991 433 1105 502 epulum

147 498 468 640 31130effigffigflfffimca
487 571 581 626 ostrea
599 568 706 651 Ilinius
724 575 862 627 memorat
880 573 898 626 l.
918 573 937 626 l.
957 578 998 628 80.

144 645 177 694 14
196 642 293 696 Ηο111.
313 641 365 712 Ep.
384 641 398 696 I
416 647 441 709 2,
460 646 495 697 28
514 657 612 712 sponsi
628 641 788 712 Penelopae
810 643 963 699 nebulones
982 644 1104 701 Alcinoi-

196 727 249 782 que
268 711 299 767 11
317 715 381 767 cute
400 713 525 768 curanda
542 712 605 783 plus
624 728 714 786 aequo
734 716 851 784 operata
868 714 1007 772 iuuentus.

145 787 177 838 15
195 783 292 840 Horat.
312 783 363 853 Ep.
384 784 396 838 1
414 789 445 851 4,
466 789 499 838 11
518 783 640 839 nitidum
662 785 735 839 bene
754 787 851 840 curata
870 787 944 840 oute.

144 858 176 908 18
195 854 259 910 Plin
276 856 296 910 1.
315 856 334 910 l.
355 860 389 910 62
408 854 546 923 Cyzicena
565 900 571 912 .
591 896 597 910 .
618 896 624 909 .
645 855 776 912 suauiora
794 857 934 912 Meduliis.

197 924 223 982 11
241 927 293 996 Ep.
312 925 364 980 XV
384 931 399 979 1
419 941 491 995 quae
510 924 692 985 Medulorum.
840 956 842 961 ·

142 1002 176 1052 28
197 995 222 1054 u
240 997 293 1067 Ep.
311 995 377 1052 XIII
396 1003 412 1052 9
431 997 573 1067 proximus
593 998 730 1069 exlongo
749 999 862 1070 gradm.

195 1066 300 1140 Vergil.
319 1066 352 1124 A.
371 1067 398 1122 V
416 1075 469 1124 320
497 1069 640 1139 proximus
666 1069 746 1140 huic,
773 1071 859 1141 longo
886 1071 935 1126 sed
960 1071 1103 1141 proximus

195 1139 354 1195 interuallo.
392 1139 489 1195 Cicero
507 1140 584 1195 Brut.
606 1147 665 1196 173.

142 1215 175 1264 29
195 1210 251 1266 Ver
273 1211 300 1267 'l.
321 1209 427 1267 0.]111
447 1216 496 1264 111
517 1210 810 1282 Hellespontiaci...
829 1212 932 1282 Priapi.
953 1210 1103 1284 (ICupido

194 1287 229 1338 83
274 1280 610 1362 ellespontiaci-Priapi.
648 1283 681 1338 cf.
701 1282 785 1336 Ennii
803 1283 931 1353 Hedyph.
953 1290 968 1338 2
987 1284 1023 1340 V.

141 1357 175 1406 30
195 1350 221 1408 (l
238 1353 291 1422 Ep.
311 1352 363 1406 XV
383 1361 396 1408 1
417 1354 511 1408 ostrea
528 1353 641 1409 Baianis
661 1353 805 1409 certantia.

140 1429 173 1478 87
194 1421 310 1479 (Ilios.
331 1428 373 1478 68.
401 1420 729 1480 ubertatemque.
786 1467 789 1472 .

141 1499 175 1548 48
194 1494 292 1549 Horat.
313 1495 339 1550 S.
359 1494 418 1566 11,
438 1501 452 1549 1
472 1495 686 1550 ambubaiarum
705 1494 834 1566 collegia.

194 1566 290 1621 Horat
310 1565 362 1636 Ep.
381 1565 409 1620 II
429 1573 452 1632 1,
473 1571 523 1620 173
543 1566 675 1622 edacibus
693 1565 723 1620 iu
742 1566 883 1637 parasitis.

86 1670 112 1724 V
132 1670 223 1741 [VIIII
243 1673 306 1744 398]
326 1678 360 1728 39
379 1672 485 1742 Vergil.
504 1673 536 1726 Ε.
555 1671 634 1760 Vim
653 1678 687 1728 43
706 1672 798 1728 insani
817 1672 920 1728 feriant
939 1674 998 1728 siue
1018 1674 1102 1730 litora

140 1818 174 1867 49
193 1742 337 1870 11111189
357 1815 385 1869 ΙΙ
399 1821 424 1883 2,
444 1821 478 1870 60
498 1815 608 1885 repotia
627 1815 762 1886 (nepertia
780 1815 890 1885 aliquot
908 1813 1000 1887 codd.)
1019 1819 1101 1872 nata—

194 1885 271 1940 leaue
290 1887 398 1941 aliosne
417 1886 523 1941 dierum
543 1887 639 1942 festos.

84 1988 123 2042 VI
143 1991 179 2060 [X
199 1993 263 2065 399]
283 1999 299 2048 2
318 1992 431 2048 Paulini
449 1993 567 2048 Euchar.
589 1999 622 2048 73
641 1993 782 2064 plasmata
799 1995 922 2049 Homeri.

159 2068 174 2116 b
195 2063 291 2121 Cicero
307 2065 342 2121 de
352 2081 409 2119 sen.
421 2069 455 2118 39
470 2065 648 2134 expectemus
657 2065 860 2120 Tartessiorum
874 2065 950 2136 regis
968 2067 1101 2137 aetatem,

192 2133 246 2191 fuit
255 2136 338 2205 enim,
348 2139 381 2219 ut
391 2135 527 2205 scriptum
536 2135 628 2205 uideo,
639 2136 829 2206 Argautonius
839 2135 1100 2221 quidamliadibus,

193 2208 842 2348 9199919199111111
860 2211 1099 2337 astituat:

192 2345 331 2404 censorin.
343 2350 377 2404 de
392 2349 419 2403 d.
435 2355 516 2418 1.17,
532 2355 547 2404 3
562 2351 607 2420 (ex
621 2350 776 2420 Herodoto)
792 2350 905 2406 Lucian.
921 2350 1098 2420 Μ99191).10,

139 2423 172 2472 15
191 2419 364 2490 Augustinus
384 2421 418 2475 de
438 2420 490 2475 ciu.
511 2421 557 2474 dei
574 2420 653 2474 XXII
672 2438 694 2476 c.
715 2426 731 2476 8
756 2421 811 2477 ieta
832 2438 885 2476 nec
908 2421 1038 2476 similiter
1055 2421 1101 2476 in-

190 2491 339 2545 notescunt
361 2507 452 2560 neque
479 2492 523 2544 ut
537 2508 593 2546 non
622 2491 752 2546 excidant
767 2492 867 2548 animo
892 2492 973 2562 quasi
1003 2492 1101 2562 glarea

194 2561 344 2616 memoriae
366 2562 464 2616 erebra
481 2561 603 2616 lectione
621 2564 758 2619 teruntur.

138 2636 171 2686 22
192 2628 218 2688 u
236 2631 302 2687 Vrb.
324 2638 374 2687 148
393 2631 467 2687 latas
486 2648 588 2687 nomen
607 2648 717 2688 seruare
736 2634 855 2703 plateas.
1109 2659 1111 2662 ·

137 2708 172 2756 23
191 2703 288 2759 Horat.
317 2703 367 2774 Ep.
391 2703 417 2758 Π
445 2708 474 2769 2,
499 2709 534 2759 74
560 2703 654 2758 tristia
680 2703 803 2759 robustis
831 2705 974 2759 luctantur
998 2703 1097 2760 funera

215 2775 337 2843 laustriq
351 2776 405 2830 hac
418 2775 531 2831 rabiosa
544 2774 619 2844 fugit
633 2775 719 2844 canis,
738 2776 791 2830 hac
807 2775 949 2832 lutulenta
966 2777 1024 2830 ruit
1042 2795 1096 2832 sus.

136 2849 172 2901 28
190 2793 300 2901 1111191.
320 2845 400 2902 laer
417 2847 492 2901 inter
511 2848 609 2916 saepta
627 2848 724 2902 meant
741 2863 824 2902 uoces
843 2849 873 2902 et
891 2847 985 2903 clausa
1004 2849 1098 2903 domo-

190 2935 252 2972 rum
266 2917 475 2973 transuolitant.
489 2917 503 2970 Ι
517 2922 569 2972 489
584 2917 630 2987 (11.
644 2917 684 2972 VI
698 2922 762 2988 228)
777 2935 827 2989 per
840 2921 939 2988 saepta
953 2919 1098 2975 domorum

190 2989 298 3044 clamor
315 2987 340 3043 it
357 3005 390 3044 ac
409 3005 492 3046 uoces
511 2991 551 3057 (et
569 2988 606 3043 VI
625 2995 676 3045 859
695 3006 746 3060 per
765 2991 862 3060 saepta
880 2991 1045 3058 domorum).

136 3063 170 3114 35
189 3060 287 3115 Horat.
307 3058 336 3114 Ο.
355 3059 409 3114 ΙΙΠ
428 3066 474 3129 12,
494 3065 527 3114 21
552 3061 589 3116 ad
609 3078 680 3129 quae
703 3061 727 3116 si
745 3077 879 3132 properas
898 3061 1015 3131 gaudia,
1035 3078 1098 3116 cum

189 3134 240 3186 tua
257 3131 340 3188 uelox
357 3149 449 3187 merce
468 3132 541 3187 ueni.

136 3206 170 3258 38
189 3203 433 3330 ΗἙ18111-3,
449 3204 571 3259 8011111
590 3203 665 3260 socci
684 3199 781 3274 cepere
800 3204 901 3272 pedem
920 3203 1095 3273 grandesque

190 3290 221 3329 co
256 3292 326 3328 urm.

135 3348 170 3398 40
190 3343 216 3400 (1
235 3345 268 3400 cf.
287 3343 339 3415 Ep.
359 3345 385 3399 X
403 3351 437 3401 29
457 3363 497 3416 sq.
532 3385 534 3390 ν

134 3421 168 3468 41
190 3413 512 3486 11111111111111
526 3417 652 3472 inuenies
669 3413 760 3471 ἐπέων
774 3419 845 3471 nolu
868 3415 960 3485 ορφὲα
973 3412 1096 3484 πληθύν.

134 3491 169 3540 42
191 3485 216 3542 (l
234 3487 285 3558 Ep.
303 3487 394 3543 XXVI
413 3494 448 3542 24
466 3491 590 3544 mutator
608 3488 644 3544 ad
663 3488 798 3544 Graecam
816 3487 834 3540 fi
856 3503 909 3542 em.

188 3556 278 3614 Plaut.
303 3556 380 3618 Asin.
403 3559 416 3612 I
440 3566 470 3628 3,
495 3565 529 3615 47
553 3563 628 3629 (199)
659 3562 752 3614 cetera
775 3575 847 3629 quae
871 3560 942 3629 (nos)
965 3557 1095 3612 uolumus

189 3629 231 3684 uti
251 3629 357 3686 Graeca
375 3647 531 3687 mercamur
548 3631 612 3688 fide.
