2466 3958
107 379 294 463 placebant:
330 379 358 443 si
391 399 472 462 quae
507 400 622 462 parum
650 380 819 442 emendata
850 377 953 441 inuito
987 378 1117 441 auctore

108 467 366 551 subriperentur,
398 470 435 531 ut
463 465 556 531 Auiti
588 467 732 532 carmina
761 463 840 552 (qua
867 466 906 530 de
934 486 968 529 re
997 465 1049 549 egi
1077 464 1118 528 ad

107 556 242 621 Auitum
275 578 305 640 p.
335 553 408 642 LI),
445 560 482 620 ut
519 553 679 640 Griphus,
717 559 890 639 antequam
924 552 1117 638 Symmacho

107 644 292 709 mitteretur
310 641 364 729 (cf.
383 643 469 711 infra
487 667 517 729 p.
539 645 610 728 197,
631 641 701 730 16),
721 665 759 710 ea
776 665 841 708 non
860 647 1012 727 poterant
1031 641 1131 707 edita.

107 731 183 817 dici,
207 733 335 798 etiamsi
359 733 509 798 omnibus
532 733 757 799 innotuissent.

174 819 251 886 Non
264 822 364 907 igitur
379 823 491 887 statim
505 822 561 886 ubi
575 823 609 886 in
621 822 751 888 chartas
767 821 904 887 coniecit
918 841 1048 886 carmen
1062 820 1119 884 ali-

107 909 191 994 quod
210 911 422 996 recitauitque
442 910 658 976 familiaribus
677 910 856 994 Ausonius,
876 910 972 974 simul
987 907 1117 1000 edidit.

106 998 264 1082 quaedam
291 1000 402 1064 multis
438 1003 515 1084 post
543 1000 637 1064 annis
666 999 795 1064 demum
828 998 1028 1082 emendauit,
1061 999 1117 1063 ab·

105 1085 214 1171 soluit,
237 1089 372 1153 notariis
397 1087 494 1173 dedit,
517 1088 710 1173 publicauit,
734 1087 825 1153 uelut
848 1085 1023 1171 Griphum,
1046 1086 1116 1151 Bis·

105 1176 224 1261 sulam,
254 1175 447 1262 Centonem,
476 1181 514 1243 ut
541 1199 606 1242 non
636 1177 740 1242 dicam
768 1177 883 1259 libros,
912 1176 967 1261 qui
996 1176 1118 1241 sensim

105 1265 216 1330 multis
228 1287 300 1331 cum
315 1269 562 1332 contexerentur
576 1266 772 1331 carminibus
787 1265 937 1351 deinceps
952 1265 1049 1349 natis,
1063 1264 1118 1329 diu

103 1353 138 1417 in
151 1355 278 1418 scriniis
293 1355 466 1438 latuerunt,
486 1355 585 1420 donec
600 1377 672 1421 sera
687 1355 855 1420 adderetur
871 1355 1008 1433 coronis,
1027 1353 1118 1419 uelut

103 1440 299 1527 helogarum
309 1443 393 1508 liber
402 1447 500 1529 atque
509 1442 757 1530 Epigrammata
769 1443 917 1528 inprimis
927 1442 1117 1528 posteriora.

104 1531 263 1613 quaedam
282 1554 359 1598 uero
378 1532 445 1597 iam
464 1533 519 1598 diu
539 1536 662 1599 secreta
681 1532 812 1617 quidem
831 1529 882 1617 (ut
897 1531 943 1596 ait
957 1529 1041 1616 ipse)
1061 1532 1116 1596 sed

102 1619 194 1704 uulgi
217 1620 356 1686 lectione
375 1622 525 1707 lacerata,
548 1623 679 1707 quippe·
692 1642 773 1705 quae
797 1620 941 1686 nondum
966 1620 1117 1685 absoluta

103 1729 175 1771 cum
191 1713 307 1792 essent,
325 1709 428 1774 inuito
444 1713 574 1774 auctore
589 1711 670 1774 alter
685 1711 778 1774 alteri
798 1709 1027 1793 commodaret,
1045 1713 1116 1774 tan-

103 1795 175 1860 dem
205 1797 377 1882 aliquando
405 1798 440 1861 in
463 1820 576 1863 manus
605 1798 782 1864 amicorum
810 1800 981 1880 uenerunt,
1009 1796 1116 1862 idest

103 1882 268 1968 adscripta
298 1887 366 1952 siue
402 1887 482 1950 certi
502 1886 651 1952 alicuius
682 1886 854 1951 familiaris
890 1885 1014 1951 nomini
1047 1885 1116 1950 siue

101 1971 215 2036 lectori
239 1995 297 2037 suo
321 1974 408 2039 edita
433 1983 508 2039 sunt
532 1979 628 2059 atqua
651 1976 712 2039 rite
735 1976 880 2061 uulgata,
903 1975 995 2039 uelut
1019 1995 1115 2059 quem

101 2060 197 2125 modo
221 2061 360 2126 diximus
384 2061 552 2146 Griphum.
1162 2067 1164 2072 ’

190 2147 260 2214 Nec
282 2153 391 2216 tamen
413 2151 449 2215 in
472 2151 622 2217 omnibus
645 2153 731 2217 hunc
755 2153 869 2217 edendi
892 2151 1024 2216 modum
1049 2172 1116 2215 ser-

101 2237 192 2302 uauit
211 2237 383 2316 Ausonius.
419 2261 497 2305 sane
515 2239 687 2306 Mosellam
706 2240 795 2306 urbis
816 2241 1006 2306 Treuerioae
1025 2239 1115 2304 laudi

102 2329 334 2412 consecratum,
357 2331 524 2413 tamquam
543 2328 701 2414 Augustis
720 2329 808 2415 patri
831 2329 963 2414 filioque
988 2351 1115 2394 sacrum

101 2415 200 2478 etiam
216 2415 284 2479 sine
303 2416 503 2499 praefatione
524 2415 637 2504 (quam
656 2422 766 2484 tamen
785 2419 938 2484 amissam
959 2416 1115 2501 conicias)

101 2523 166 2568 non
177 2503 366 2569 mirabimur
375 2506 424 2570 ita
435 2507 597 2592 emissum,
612 2510 649 2572 ut
659 2510 830 2592 spargeret
842 2508 900 2573 ille
910 2507 1115 2591 exemplaria,

101 2590 134 2655 id
154 2595 204 2658 est
222 2593 334 2658 multis
354 2594 513 2680 mitteret,
536 2595 621 2660 inter
640 2617 721 2680 quos
742 2595 828 2679 quod
846 2618 911 2661 non
930 2596 1002 2678 fuit,
1022 2593 1114 2678 Sym-

101 2679 242 2745 machus'
261 2683 381 2747 amicus
409 2682 594 2768 neglectum
624 2705 658 2748 se
685 2684 879 2770 queritur.*)
928 2683 1006 2767 alia,
1034 2686 1115 2747 tarn-

172 2871 197 2941 *)
216 2871 289 2928 infra
302 2892 328 2944 p.
346 2880 405 2944 141,
421 2881 445 2930 9.
474 2874 598 2930 uoluisse
618 2876 713 2930 autern
732 2873 887 2930 Ausonium
906 2876 1031 2930 exortem
1054 2889 1115 2930 esse

101 2942 299 3011 Symmachum
318 2945 377 3000 eius
397 2945 529 3016 carminis
547 2949 576 3000 et
594 2945 673 3014 quasi
692 2944 871 3001 interdixisse
891 2946 917 3000 ei
936 2944 1055 3000 Mosella
1073 2947 1116 3014 (nt

103 3013 188 3082 paulo
207 3017 272 3083 post
289 3032 340 3085 per
358 3015 450 3072 iocum
470 3017 511 3072 ait
526 3015 718 3087 Symmachus)
733 3032 789 3071 non
804 3019 848 3072 est
866 3016 941 3085 quod
960 3016 1066 3070 credas.
1082 3046 1115 3055 —

80 3085 225 3164 ¹ceterum
247 3085 331 3154 paulo
362 3090 427 3143 ante
451 3087 526 3157 qnod
550 3088 622 3170 dixit
644 3087 840 3172 Symmachus:
872 3086 1002 3156 „Eloquii
1028 3085 1116 3167 nqstri

101 3158 1116 3297 auclaralacurnam{scrutantemque

101 3242 182 3378 ddbis
208 3299 343 3369 perierint
371 3302 436 3356 ante
464 3318 489 3356 a.
513 3272 579 3370 379’,
607 3247 714 3370 scripti
739 3303 822 3372 putes
851 3301 886 3355 ab
914 3269 1052 3354 Ausonio:
1082 3298 1116 3354 de

102 3368 221 3426 alrorum
246 3372 392 3426 auctorum
419 3371 500 3426 libris
529 3371 738 3427 commodandis
766 3373 868 3428 rectius
896 3369 1059 3439 intelleges,
1087 3371 1116 3426 et

102 3439 291 3509 antiquorum,
311 3441 423 3523 qualem
442 3442 502 3513 ipse
518 3443 702 3513 Symmachus
717 3443 840 3498 Ausonio
854 3441 977 3496 Plinium
991 3441 1115 3523 miserat,

101 3511 129 3563 et
152 3525 219 3565 suae
243 3513 344 3568 aetatis
367 3513 571 3581 litteratorum,
595 3514 644 3582 qui
666 3530 738 3568 unus
763 3515 824 3568 erat
841 3513 954 3581 modus,
978 3529 1033 3580 quo
1052 3529 1114 3580 qurs

17 3605 20 3612 ·
102 3579 145 3636 sui
164 3583 298 3652 temporis
318 3583 412 3638 studia
432 3583 589 3640 accuratius
607 3585 722 3653 poterat
740 3598 916 3654 cognoscere.
