2532 3954
538 159 757 222 -76-

186 315 310 402 Impius
333 321 409 383 ante
432 339 506 383 aras
530 339 625 402 quem
647 317 761 382 fraude
784 319 922 402 peremit
944 317 1094 404 Oresten,

233 405 316 483 Quid
339 407 471 492 mirum,
494 427 587 472 caesa
609 406 675 470 iam
698 407 860 492 genetrice
883 408 1002 473 furens.

92 653 149 702 [ουτ]
541 633 567 687 Χ
591 632 766 688 EVRYALO

144 758 215 825 Neo
238 782 290 826 me
313 782 380 826 non
403 761 536 846 dignum
558 759 654 825 titulo
678 759 853 826 Pleuronia
875 761 988 845 credit,

189 847 248 915 cui
271 849 451 915 eommunis
475 852 546 913 erat
568 869 641 913 oum
665 847 821 915 Diomede
844 850 973 934 domus,

144 936 288 1023 Euryalo
313 943 346 1003 et
368 936 537 1004 Sthenelo:
559 959 637 1001 nam
659 939 776 1003 tertius
799 938 862 1004 hoo
885 960 945 1024 ego
969 959 1111 1024 regnum

189 1025 338 1104 Possedi,
360 1027 399 1091 de
423 1047 487 1111 quo
509 1047 597 1092 nuno
620 1027 701 1091 satis
724 1032 775 1092 est
795 1028 948 1094 tumulus.

192 1143 206 1180 Ι

94 1257 149 1307 [aas]
558 1235 598 1290 XI
623 1235 748 1292 GVNEO

146 1364 259 1430 Genea
281 1368 401 1450 pontus
425 1364 539 1447 habet,
562 1364 716 1429 tumulus·
731 1363 801 1429 sine
824 1385 957 1448 corpore
979 1386 1110 1431 nomen.

190 1453 291 1519 Fama
313 1453 461 1519 homines
484 1453 584 1536 inter,
607 1453 734 1518 caelum
758 1453 886 1518 animus
909 1453 1039 1539 repetit.

146 1540 271 1609 Ounota
295 1544 454 1608 elementa
477 1541 551 1607 duoi
573 1543 666 1606 tanto
690 1563 860 1607 commune
884 1543 1079 1626 sepulerum.

191 1631 303 1710 Quae?
326 1631 452 1697 caelum
475 1636 508 1696 et
530 1630 628 1695 tellus
652 1635 797 1695 otmaro
821 1635 854 1696 et
877 1652 933 1696 ora
955 1631 1072 1696 uirum.

1244 1421 1246 1466 l

1246 1479 1247 1510 l

93 1860 150 1910 [aaa]
501 1837 554 1908 XII
579 1836 808 1896 PROTESILAO

145 1966 258 2033 Fatale
282 1966 481 2052 adscriptum
504 1988 622 2032 nomen
645 1967 727 2032 mihi
751 1966 943 2053 Protesila03

190 2057 276 2123 Nam
299 2056 423 2142 primus
446 2056 599 2122 Danaum
622 2056 709 2121 bello
733 2056 801 2122 obii
822 2056 980 2144 Phrygio,

146 2145 270 2212 Audaci
292 2146 460 2232 ingressus
484 2143 592 2230 Sigeia
615 2143 713 2210 litora
736 2146 835 2230 saltu,

191 2233 315 2320 Captus
338 2234 472 2320 pellacis
495 2232 667 2298 Lartiadae
690 2231 827 2298 insidiis.

145 2428 262 2500 xPepl.
278 2431 312 2483 35
341 2422 405 2482 ’Eut
423 2425 572 2481 Σθενέλου
590 2427 640 2480 καὶ
653 2421 802 2494 Εὕρυοὶλου
821 2423 960 2495 κειμένων
980 2422 1012 2482 ἐν
1026 2423 1127 2499 Ἄργει.

302 2495 421 2569 Ἀργεῖος
438 2495 583 2560 Σθένελος
601 2493 769 2565 Κατανήιος
788 2489 843 2551 ὦδε
862 2496 1005 2552 τέθαπται

340 2565 436 2643 τύμβῳ
455 2569 502 2623 ael
521 2563 623 2623 τούτου
643 2570 759 2635 πλησίον
779 2562 934 2635 Εὐρύαλος.

144 2659 183 2714 XI
201 2659 279 2732 Pepl.
299 2665 332 2715 32
548 2654 612 2712 'Eat
637 2654 768 2719 Γουνέως

269 2729 404 2822 Σῆματό
424 2727 477 2820 μὲν
497 2730 624 2818 ,Γουνῆος
642 2723 723 2812 θοᾶς·
742 2723 819 2815 ψυχῇ
840 2724 872 2782 δὲ
890 2725 1035 2792 θανόντος

306 2799 358 2869 oto
391 2799 420 2865 le
437 2820 525 2872 υγοον
545 2799 604 2872 ἔβη,
624 2818 703 2870 οωμα
722 2796 754 2854 δὲ
773 2817 877 2862 ποντος
896 2796 961 2868 ἔχει.

145 2891 197 2946 Xll
216 2890 280 2946 Vid.
299 2890 377 2962 Pepl.
397 2897 432 2947 49

217 3059 232 3108 3
252 3051 352 3108 orestis
374 3051 402 3106 V
415 3068 483 3108 corr.
503 3050 634 3122 Ιιαράαα.

278 3153 294 3184 u

216 3195 242 3252 X
260 3211 392 3252 nnvaiano
414 3151 459 3248 V¹
509 3200 525 3250 8
545 3191 650 3249 eurialo
669 3192 698 3247 et
716 3189 862 3246 stheneulo
885 3189 913 3244 V
958 3227 960 3232 .

215 3283 254 3340 XI
274 3301 358 3340 omo
381 3283 408 3338 V
422 3299 491 3341 corr.
512 3283 656 3339 Pulmone
745 3283 759 3331 1
781 3276 866 3334 Cinea
888 3279 1165 3340 Voorr.1²talmonn

147 3354 151 3426 Ι
172 3355 238 3411 abet
259 3355 294 3410 V¹
311 3359 315 3426 Ι
330 3356 396 3410 anian
418 3354 446 3409 V

215 3443 268 3496 XII
305 3443 406 3498 lmim
428 3441 456 3496 V
556 3441 702 3513 aphrigio
724 3437 752 3492 V
850 3437 1024 3497 Ilaertiade
1047 3441 1077 3496 V
1091 3459 1163 3500 corr.

145 3511 294 3568 LMaeller
