2516 3954
497 176 718 238 -14-

49 404 109 445 VIII
122 403 181 452 [1⁵7]
535 411 553 447 *
598 409 615 448 ss
662 409 679 448 ss

106 493 357 578 Quadrupedem
382 497 415 558 et
436 495 619 577 uolucrum,
642 495 696 559 uel
720 515 792 558 cum
816 498 946 562 terrena
965 497 1101 562 marinis

104 583 255 648 Monstra
279 583 510 648 admiscentur:
534 583 637 649 donec
658 583 874 668 purgantibus
898 587 983 649 euris
1084 604 1125 643 aa

103 671 257 737 Difflatae
280 672 439 759 liquidum
462 675 637 737 tenuentur
660 673 694 736 in
718 694 794 736 aera
816 673 929 738 nubes.

102 759 198 825 Nune
220 761 305 844 fora,
328 783 414 826 nunc
436 761 525 845 lites,
547 761 607 826 lati
629 761 726 826 modo
749 782 871 846 pompa
893 763 1014 827 theatri

102 848 242 914 Visitur:
267 854 300 914 et
321 853 448 915 turmas
472 851 618 936 equitum
641 845 817 934 caedesque
840 851 1007 916 latronum
1104 867 1120 916 5

101 937 283 1022 Perpetior:
308 939 430 1004 lacerat
452 944 583 1004 nostros
606 938 676 1003 fera
699 939 796 1003 belua
819 939 929 1004 uultus

103 1029 171 1092 Aut
193 1027 228 1092 in
251 1029 429 1113 sanguinea
452 1027 561 1114 gladio
585 1049 774 1113 grassamur
796 1027 927 1092 harena.
1081 1047 1122 1087 20⁰

102 1116 166 1180 Per
188 1138 277 1180 mare
300 1115 509 1202 nauifragum
534 1116 665 1201 gradior
688 1116 787 1200 pedes
811 1121 844 1181 et
866 1117 951 1182 freta
973 1138 1070 1182 cursu

103 1205 267 1270 Transilio
291 1209 324 1269 et
347 1205 464 1270 subitis
489 1205 593 1270 uolito
617 1227 714 1289 super
737 1227 812 1269 aera
833 1207 951 1290 pinnis.

102 1293 257 1358 Infundas
282 1294 381 1358 etiam
404 1315 538 1359 ueneres
562 1294 750 1379 incestaque
773 1295 879 1359 noetis
1088 1314 1121 1361 10

103 1381 270 1447 Dedecora
294 1388 326 1447 et
348 1383 492 1468 tragicos
516 1383 661 1466 patimur
683 1405 742 1467 per
765 1384 892 1447 somnia
914 1386 1035 1449 coetus.

103 1470 293 1556 Perfugium
317 1476 429 1537 tamen
452 1475 514 1550 est,
540 1473 692 1555 quotiens
715 1474 868 1555 portenta
892 1494 1046 1556 soporum
1081 1491 1122 1530 2⁰⁶

105 1559 211 1624 Soluit
232 1564 329 1644 rupta
351 1561 476 1644 pudore
499 1562 591 1644 quies
615 1564 648 1626 et
670 1561 813 1646 imagine
836 1559 933 1626 foeda

103 1648 221 1713 Libera
244 1671 334 1713 mens
357 1650 489 1735 uigilet:
512 1653 621 1714 totum
644 1650 727 1714 bene
751 1651 880 1715 conscia
902 1651 1022 1714 lectum

103 1737 288 1803 Pertractat
311 1759 423 1802 secura
446 1760 576 1802 manus:
603 1738 762 1822 probrosa
784 1738 907 1804 recedit
1088 1755 1120 1804 15

105 1825 209 1911 Culpa
232 1826 296 1890 tori
320 1831 353 1890 et
375 1827 506 1912 profugi
529 1832 723 1892 manascunt
746 1827 883 1892 crimina
907 1828 1021 1893 somni.

104 1913 208 1980 Cerno
231 1914 470 1999 triurnphantes
493 1916 583 1980 inter-
600 1938 651 1980 me
673 1915 838 2000 plaudere:
863 1939 992 1982 rursum
1079 1935 1119 1975 210

103 2003 194 2068 Inter
217 2005 365 2087 captiuos
388 2003 500 2070 trahor
523 2010 708 2070 exarmatus
731 2004 864 2070 Alanos,

104 2092 241 2176 Templa
264 2093 360 2158 deum
384 2097 578 2178 sanctasque
600 2093 687 2158 fores
710 2094 897 2178 palatiaque
921 2115 1019 2158 aurea

105 2179 222 2265 Specto
247 2186 280 2246 et
303 2181 442 2248 Sarrano
466 2183 578 2247 uideor
601 2183 800 2270 discumbere
823 2182 857 2248 in
881 2185 970 2247 ostro
1085 2198 1119 2247 20

103 2270 149 2335 ut
172 2293 248 2336 mox
270 2270 413 2337 fumosis¹
431 2273 568 2338 conuina
591 2272 748 2336 adcumbo
772 2271 909 2355 popinis.
977 2301 983 2314 ·

149 2357 306 2424 Diuinum
328 2361 502 2445 perhibent
524 2364 633 2425 uatem
657 2361 717 2425 sub
740 2360 909 2425 frondibus
932 2361 1013 2424 ulmi
1080 2376 1120 2417 21⁵

103 2448 200 2513 Vana
223 2449 417 2534 ignauorum
441 2450 612 2515 simulacra
635 2450 760 2514 locasse
784 2471 937 2534 soporum

104 2537 149 2604 Et
172 2539 320 2623 geminas
344 2560 479 2603 numero
503 2543 630 2623 portas:
655 2561 737 2624 quae
761 2538 883 2603 fornice
908 2538 1029 2602 eburno

106 2624 241 2709 Semper
263 2627 396 2692 fallaces
419 2629 581 2712 glomerat
603 2649 701 2712 super
723 2649 799 2691 aera
820 2627 957 2691 formas:
1032 2690 1051 2712 ,
1085 2641 1120 2691 ab

58 2804 87 2856 V
175 2800 241 2854 VIlI
267 2801 345 2869 „Hic
366 2803 459 2857 miuus
482 2803 543 2857 abet
564 2803 646 2870 daem
668 2819 749 2857 cause
771 2802 945 2871 superaucta
962 2807 988 2856 et
1005 2801 1121 2856 initium

103 2874 239 2942 sequentis
256 2873 423 2942 ephemerts“
446 2874 478 2928 iu
495 2889 581 2943 marg.
605 2873 637 2940 V,
661 2874 761 2940 felium
783 2874 953 2928 interemisse
975 2873 1008 2926 ie
1030 2873 1122 2956 codice

104 2962 249 3030 archetypo
267 2962 340 3016 uidit
354 2960 476 3017 Schenkl.
532 2962 625 3016 elau
643 2961 726 3017 modo
746 2963 773 3016 V
786 2965 790 3029 Ι
805 2960 891 3016 teatri
910 2960 936 3014 V
980 2967 1004 3014 '¹1
1024 2961 1122 3030 sagui-

103 3049 158 3088 nea
180 3031 228 3100 Vl
248 3047 404 3087 erassamur
427 3033 474 3103 Vl
500 3049 586 3088 arena
610 3032 636 3086 V
706 3038 830 3088 8mare:
853 3033 918 3086 re'e
935 3047 991 3087 ras.
1010 3033 1121 3088 altioris

105 3105 210 3160 litterae
233 3103 260 3158 V
320 3101 455 3158 esubltis
479 3105 506 3157 V
567 3111 600 3159 11
619 3105 740 3176 tralycos
758 3106 804 3174 (ecc
821 3103 956 3174 tragicos)
982 3101 1019 3156 V²
1086 3110 1120 3158 12

104 3175 211 3232 cotiens
235 3175 262 3229 V
332 3180 366 3230 14
383 3175 473 3231 liuere
496 3176 522 3230 V
536 3178 540 3245 Ι
556 3173 724 3262 eons⁰ian
789 3182 822 3230 16
840 3174 966 3245 profugi:
984 3174 996 3227 i
1013 3175 1045 3228 e'a
1063 3191 1121 3232 ras.

105 3265 141 3318 ul,
166 3264 193 3318 V
215 3267 220 3332 Ι
248 3266 416 3319 manascunt
433 3265 545 3332 scripsi,
571 3266 722 3334 manusque
741 3268 798 3336 (ma
815 3265 848 3318 iu
865 3281 913 3318 mu
931 3264 969 3318 al.
989 3264 1069 3333 corr.)
1096 3264 1124 3317 V

75 3355 76 3360 ¹
104 3335 277 3390 minuiscunt
295 3336 418 3406 Scatiper
437 3340 462 3401 1,
478 3340 495 3390 7
519 3337 674 3391 uanescunt
692 3335 812 3402 Gdeetz,
835 3353 874 3390 aa
896 3337 1119 3389 mansuescunt?

142 3413 175 3461 17
194 3407 308 3480 cernuis]
329 3406 373 3476 V!
389 3405 568 3461 triumfantes
593 3407 618 3460 V
689 3413 722 3461 18
741 3407 869 3477 captibos
889 3407 967 3460 traor
989 3404 1016 3459 V
1084 3411 1120 3459 20

104 3476 200 3532 uidec¹
223 3477 284 3545 1⁷¹1
305 3477 479 3533 discumuere
502 3477 530 3531 V
597 3484 630 3532 21
651 3478 772 3533 conuiba
795 3478 843 3547 Vl
864 3475 999 3532 accumbo
1023 3476 1050 3530 V

53 3573 60 3586 ·
105 3554 139 3604 22
158 3547 298 3618 perisbent
321 3549 348 3602 V
366 3552 370 3616 Ι
390 3547 515 3602 fontibus
537 3549 564 3602 V
579 3565 648 3605 corr.
663 3550 793 3623 Lacedae.
849 3555 883 3602 23
902 3548 1069 3617 ignaborum
1095 3548 1122 3602 V
