2540 3962
506 183 657 248 -249
706 218 743 227 -

104 342 162 408 -Vc
183 342 455 428 penthemimeres
478 343 567 426 prior
588 342 725 421 locebur,

11 479 12 482 ,
116 430 200 496 Tum
224 431 307 516 qnod
330 431 475 496 bucolice
497 434 587 496 tome
609 430 773 515 relinquit.

11 545 12 552 ¹
116 519 200 587 Sunt
223 524 256 586 eb
278 541 359 605 quos
383 523 517 605 generat
539 519 649 604 puella
672 516 819 604 Sappho:

11 609 12 614 ’
116 609 204 687 Quos
227 609 350 693 primus
374 608 461 693 regii
482 607 614 693 hippius
638 608 809 693 secundus,

115 697 163 763 Vh
186 698 296 763 cludat
318 697 531 763 choriambon
552 696 773 762 antibacchus.

116 785 173 852 sec
195 787 262 852 iam
284 809 351 852 non
374 786 511 871 puberis,
534 785 661 869 Theon,
684 785 805 870 doceri,

115 874 186 941 Nec
208 875 259 940 fas
284 878 334 940 esb
356 874 437 939 mihi
459 876 550 960 regio
576 875 734 958 magishro

114 963 280 1029 Plebeiam
301 984 455 1028 numeros
478 963 592 1028 dooere
614 963 757 1048 pulpam.

115 1050 240 1117 Verum
262 1053 411 1136 protinus
435 1052 507 1134 ede,
530 1051 615 1136 quod
637 1052 777 1136 requiro.

115 1140 174 1207 Nil
198 1162 331 1225 quaero,
353 1140 418 1206 nisi
441 1140 527 1225 quod
550 1141 649 1205 labris
673 1143 802 1205 benehur

114 1229 161 1295 Ec
184 1230 270 1315 quod
292 1251 358 1294 non
382 1230 495 1314 opicae
517 1232 634 1314 tegunt
654 1229 779 1313 papyri.

116 1318 204 1395 Quas
228 1319 257 1383 si
280 1317 431 1400 colueris,
454 1340 473 1383 o
497 1323 607 1402 poeta,
629 1338 747 1403 nugae,

62 1437 68 1446 ·
117 1407 236 1472 Tobam
263 1407 357 1472 trado
381 1406 444 1471 tibi
468 1407 564 1470 simul
586 1404 757 1471 Vacunam

114 1493 185 1560 Nec
208 1496 274 1560 iam
296 1499 373 1580 posb
395 1497 519 1560 metues
543 1494 664 1579 ubique
687 1493 823 1559 dicium:

125 1584 203 1667 ,Hic
226 1590 277 1650 esi
299 1584 355 1648 ille
379 1582 498 1648 Theon
516 1588 614 1668 poeta
635 1583 753 1667 falsus,

114 1635 281 1739 honorum
305 1673 393 1738 mala
417 1673 596 1738 carminum
618 1669 794 1737 Lauerna.“

58 1851 105 1892 XV
121 1851 170 1899 [896
183 1850 226 1899 Ep.
240 1851 285 1899 vn]

186 1917 371 1975 AVSONIVS
394 1917 535 1974 THEONI
558 1915 637 1972 CVM
659 1917 696 1971 ΕΙ
715 1915 893 1972 TRIGINTA
918 1913 1061 1971 OSTREA

199 1988 367 2045 GRANDIA
386 1988 527 2055 QVIDEM
547 1986 615 2042 SET
635 1987 715 2042 TAM
732 1986 856 2042 PAch
874 1985 1048 2041 MISISSET.

182 2115 456 2201 Expectaneram,
486 2119 522 2179 ub
544 2115 738 2180 rescriberes
762 2114 804 2178 ad
828 2136 879 2200 ea,
906 2135 988 2199 quae
1012 2113 1132 2178 dudum

115 2205 303 2270 ioculariter
328 2205 470 2270 luseram
499 2202 537 2268 de
561 2204 742 2268 cessatione
769 2207 827 2267 tna
854 2203 950 2269 ualde
972 2201 1076 2287 impia
1100 2206 1133 2266 eb

116 2315 191 2358 mea
219 2292 468 2378 efflagibah'one,
499 2292 588 2357 cuius
616 2292 663 2356 rei
686 2313 805 2356 munus
827 2292 1030 2376 reciprocum
1054 2311 1133 2375 quo-

115 2382 206 2447 niam
233 2382 269 2446 in
296 2402 348 2447 me
376 2380 511 2446 colendo
543 2379 714 2463 fastidisti,
745 2380 881 2445 inuenta
911 2380 998 2444 inter
1027 2379 1132 2444 tineas

187 2579 222 2629 89
253 2572 470 2645 pentemimffles
500 2571 527 2625 V
560 2570 779 2641 penthemimere
806 2571 834 2625 L
864 2536 1079 2640 penbimemeres
1109 2570 1136 2625 T

114 2644 331 2716 pentimemeres
350 2643 396 2715 θ]
420 2643 498 2714 prius
517 2641 544 2696 L
616 2647 651 2696 90
670 2661 725 2710 quo
747 2641 790 2712 V}
815 2640 957 2697 bucolicot
974 2640 1019 2708 ΖΙ
1042 2641 1131 2712 tome]

114 2732 198 2787 pomo
219 2716 245 2770 T
269 2715 388 2785 pones}
414 2731 459 2771 me
477 2713 505 2770 L
577 2718 610 2768 91
631 2714 720 2783 sapho
742 2713 769 2767 T
838 2717 872 2767 99
891 2726 947 2781 quo
968 2711 1132 2782 Tiprimos

116 2787 143 2840 Z
161 2788 166 2858 Ι
190 2787 285 2857 ippins
309 2785 337 2840 V
358 2786 480 2856 hyppias
503 2786 529 2840 T
598 2789 631 2840 99
651 2783 748 2839 cludat
770 2782 825 2837 VL
845 2783 959 2839 claudat
978 2782 1133 2909 TGpcor-

113 2857 229 2913 iambon
255 2856 283 2913 V
309 2860 313 2927 Ι
342 2857 507 2913 anhibaccus
532 2856 559 2909 V
585 2855 732 2910 antibacus
750 2853 777 2907 L
806 2853 1033 2910 anbibrachusT

115 2935 151 2984 94
170 2927 225 3000 set]
244 2927 411 2998 leoteris
430 2929 458 2984 te
478 2944 494 2982 ο
513 2927 541 2981 V
555 2944 623 2983 corr.
641 2926 703 2982 Toll
720 2929 802 2996 potes
822 2926 928 3054 (potest
941 2925 978 2995 G)
1001 2924 1092 2980 osbolo
1108 2925 1135 2978 Z

151 3006 184 3056 95
203 2999 271 3055 mici
292 2998 343 3070 Vl
368 3000 504 3071 magistro
525 2998 551 3053 T
621 3003 655 3052 96
674 2997 804 3069 plebeam
924 3002 958 3054 98
976 2996 1057 3052 libris
1079 2994 1136 3049 VZ

114 3105 184 3145 corr.
203 3088 367 3145 Deaeimera's
439 3094 473 3145 99
494 3089 577 3157 uegit
594 3085 688 3156 papiri
710 3085 738 3140 V
805 3092 928 3142 99-191
948 3087 968 3152 f.
989 3090 1040 3140 55*
1057 3101 1132 3153 repe-

113 3165 214 3216 tuntur
231 3161 347 3229 (priua
366 3161 494 3216 cancellis
511 3158 625 3214 inclusit
642 3157 799 3213 rubricator
816 3163 842 3214 et
856 3158 971 3228 syllabis
984 3156 1092 3223 ua-cac)
1109 3153 1135 3208 T

151 3237 203 3285 100
222 3231 309 3298 Quasi
327 3232 408 3301 (quas
426 3232 450 3286 si
463 3247 511 3300 pr.
529 3231 575 3298 aa)
596 3229 622 3283 T
637 3229 781 3299 utrobique
811 3231 814 3295 Ι
845 3226 962 3285 solberis
983 3225 1011 3280 V
1080 3231 1130 3280 101

113 3304 219 3357 horbam
243 3302 441 3371 Viuacunam
459 3302 487 3355 Z
508 3303 538 3356 eb
555 3317 658 3370 agnam
682 3299 709 3353 V
770 3305 822 3354 108
840 3299 867 3353 ic
886 3301 929 3354 est
950 3296 987 3352 V¹
1003 3300 1008 3367 Ι
1023 3298 1091 3351 teon
1108 3295 1136 3351 V

151 3379 202 3429 104
220 3373 338 3428 lauerna
356 3374 382 3427 Z
400 3373 502 3444 (latina
519 3388 553 3428 as.
571 3388 615 3440 pr.
637 3371 673 3440 T)
691 3369 811 3426 taberna
832 3369 859 3423 V

184 3454 818 3548 recommemorarroarssar
887 3461 1071 3532 ranam
1148 3477 1177 3534 r

112 3559 139 3608 4.
159 3558 176 3607 5
195 3552 286 3625 bingas
304 3551 426 3625 epistola
446 3548 484 3604 V¹
