2534 3954
529 187 770 253 -174-

142 351 204 417 His
227 351 263 415 in
285 350 405 434 beatis,
427 347 518 413 diues
541 348 694 412 insanum
716 348 751 410 in
773 345 919 429 modum,

142 439 316 506 Lateribus
338 438 446 504 aureis
469 437 592 520 templa
615 435 671 521 qui
695 434 780 499 diuis
804 435 912 500 dabat.

143 528 177 593 Is
201 549 253 594 me
277 528 435 594 euocauit.
480 525 576 590 uenio
601 524 688 589 dioto
713 523 901 606 oboediens,

141 618 276 683 Meliore
299 619 337 681 ut
359 616 407 681 uti
430 635 507 699 rege
529 613 659 699 possint
681 610 789 696 Lydii.

141 706 265 792 Rogat,
288 705 421 771 beatum
443 702 593 788 prodam,
616 701 644 766 ei
667 723 764 785 quem
786 700 942 767 nouerim.

142 795 275 860 Tellena
299 794 370 860 dieo
395 794 499 858 oiuem
522 813 589 857 non
612 791 804 876 ignobilem:

142 884 207 948 Pro
230 883 338 968 patria
360 901 511 966 pugnans
534 881 598 944 iste
620 879 723 944 uitam
747 878 920 943 obiecerat.

141 971 310 1056 Despexit‚
336 971 438 1036 alium
460 968 602 1054 quaerit3
625 967 738 1033 inueni
761 967 918 1053 Aglaum:

141 1060 240 1126 Fines
264 1059 361 1145 agelli
383 1057 508 1142 proprii
529 1057 559 1122 is
582 1079 759 1140 numquam
783 1061 971 1120 excesserat

141 1149 187 1213 At
208 1148 263 1212 ille
286 1147 409 1212 ridens:
431 1146 524 1230 „Quo
547 1145 622 1210 dein
645 1167 696 1210 me
720 1145 814 1229 ponis
837 1145 924 1228 loeo,

141 1236 264 1303 Beatus
289 1236 367 1302 orbe
389 1239 462 1302 toto
486 1235 540 1316 qui
563 1235 653 1299 solus
676 1233 818 1298 uooor?“

140 1322 402 1411 „„Speotandum
426 1323 498 1389 dico
521 1323 699 1388 terminum
722 1323 811 1387 uitae
833 1321 936 1405 prius:

141 1415 225 1479 Tum
248 1413 470 1494 iudicandum,
494 1413 523 1478 si
545 1415 657 1478 manet
679 1409 867 1478 felioitas.““

141 1503 276 1568 Dictum
299 1503 435 1568 moleste
459 1500 599 1567 Croesus
623 1501 762 1585 aooepit3
787 1520 849 1585 ego

141 1592 304 1677 Relinquo
326 1612 447 1678 regem.
482 1590 606 1655 bellum
628 1589 683 1654 ille
705 1589 742 1654 in
762 1586 880 1652 Persas
903 1590 1005 1671 parat.

141 1681 326 1765 Profectus,
348 1679 469 1764 uictus,
491 1679 635 1763 uinctus,
658 1677 729 1762 regi
753 1676 880 1742 deditus

142 1766 216 1834 Stat
238 1768 309 1852 ille,
333 1771 468 1854 captans
491 1766 615 1832 timeris
638 1767 705 1831 iam
727 1767 832 1831 instar
855 1765 919 1850 sui,

143 1857 214 1934 Qua
236 1856 368 1922 flamma
390 1860 497 1922 totum
521 1878 555 1921 se
578 1876 637 1939 per
660 1855 821 1921 ambitum
845 1855 943 1919 dabat

214 2128 248 2177 93
266 2121 369 2176 Herod.
388 2122 402 2176 1
420 2125 456 2176 00
473 2118 588 2176 Luoian.
608 2117 720 2174 Charon
740 2123 772 2172 11

213 2215 247 2264 97
266 2209 369 2266 Herod.
387 2210 401 2264 1
419 2215 454 2264 00
472 2208 587 2264 Luoiau.
608 2207 721 2263 Charon
740 2212 774 2262 10

213 2282 248 2352 ’99
266 2298 338 2353 run.
357 2315 384 2351 n.
403 2297 432 2352 a.
448 2296 498 2352 vn
515 2302 564 2352 151
584 2295 703 2352 seuram
720 2294 912 2350 nudissimum
931 2294 981 2362 qur

140 2385 276 2438 proxume
295 2368 538 2424 occubuisset...
560 2367 682 2438 Aglam
705 2361 890 2436 Psophidium
914 2381 974 2421 esse
997 2313 1163 2424 Fehororem
1253 2375 1254 2380 ’

213 2462 248 2512 99
266 2454 397 2511 Valerius
423 2457 496 2512 Max.
515 2455 569 2512 VH
587 2464 617 2525 1,
636 2462 652 2512 9
672 2457 710 2525 (p.
725 2461 791 2524 325,
807 2462 823 2510 0
841 2454 946 2525 Halm.)
969 2454 1162 2525 Aglaum...

140 2528 165 2582 is
185 2527 246 2583 erat
264 2528 406 2583 Arcadum
424 2528 634 2599 pauperrimus,
657 2528 706 2583 eed
725 2527 819 2582 aetate
837 2527 895 2581 iam
914 2525 1007 2582 senior
1025 2527 1165 2584 terminos

141 2599 229 2669 agelli
250 2598 293 2654 sui
311 2615 465 2668 numquam
484 2600 650 2655 excesserat.

141 2737 356 2756 ——h-b-d-

212 2853 246 2902 92
265 2845 316 2901 His
335 2848 365 2902 in
389 2846 416 2901 V
431 2846 458 2900 Is
478 2848 517 2916 (in
535 2851 598 2916 om.)
617 2847 663 2915 ΡΙ
682 2847 782 2901 beatus
803 2845 861 2901 VP
876 2862 945 2903 corr.
960 2846 1162 2919 »9991199992

142 2917 282 2992 linearis
302 2918 331 2973 P
383 2923 417 2972 94
431 2915 482 2972 His
502 2917 547 2992 Vt
563 2917 628 2974 ueni
646 2918 703 2973 VP
718 2917 801 2973 uenio
816 2917 961 2973 Aeantion
980 2917 1076 2990 1507!
1097 2919 1161 2974 obe·

139 2989 219 3045 diens
241 2987 299 3044 VP
364 2991 398 3044 95
416 2989 483 3059 rege
503 2989 532 3044 P
597 2995 631 3045 96
651 2988 747 3060 quem]
765 2987 881 3057 quidem
899 2987 937 3043 V¹
1001 2994 1036 3043 9¹1
1054 2989 1162 3044 tellone

139 3062 168 3117 P
182 3061 291 3116 tellans
314 3061 359 3129 Vl
374 3059 530 3130 ignouilem
552 3060 589 3114 V¹
646 3067 680 3116 98
699 3060 795 3130 pugris
814 3059 859 3126 P}
876 3061 919 3115 ste
944 3059 981 3115 V¹
997 3061 1001 3128 Ι
1018 3059 1161 3116 obiecerat

145 3130 182 3187 Vl
200 3132 342 3188 abiecerat
359 3131 499 3187 69999199
562 3138 595 3186 99
614 3130 747 3202 dexpexit
767 3130 792 3183 V
855 3136 906 3186 100
924 3131 949 3185 is
968 3131 1034 3187 add.
1053 3131 1161 3202 Priuer,

139 3220 190 3260 oen.
209 3203 266 3260 VP
319 3208 369 3259 101
389 3204 420 3258 91
438 3219 472 3258 ea
489 3204 525 3258 ad
545 3209 577 3258 ut
594 3204 652 3259 9191.
669 3203 713 3272 Vl
735 3201 835 3257 deinde
857 3202 915 3258 VP
929 3217 1000 3259 oon.
1011 3199 1159 3274 8999119991

159 3275 220 3331 onit
238 3276 267 3331 P
336 3279 387 3331 105
408 3276 520 3345 oh²yeus
545 3274 572 3329 V
588 3274 711 3330 ehriesus
731 3273 775 3342 ΡΙ
792 3273 889 3344 aooepi
907 3273 953 3343 ΡΙ
969 3273 1037 3345 ego]
1056 3276 1089 3328 at
1106 3289 1159 3344 ego

166 3348 270 3415 199199,
292 3348 312 3416 f.
338 3347 408 3403 abeo
432 3348 436 3416 Ι
462 3346 577 3414 ancipit,
602 3362 670 3401 exeo
693 3344 862 3416 1999119999,
881 3349 901 3400 9
976 3348 1026 3398 109
1047 3345 1160 3400 uinctus

139 3417 234 3472 orn.P
304 3423 354 3473 108
374 3419 432 3474 9191
451 3417 551 3486 Paper
570 3415 614 3487 atl
629 3415 765 3485 VatPl
786 3417 915 3486 captans:
934 3417 982 3471 alt.
1002 3432 1020 3470 9
1038 3415 1164 3471 99997

139 3487 257 3556 captane
275 3489 337 3556 ipse
356 3489 385 3543 P
408 3489 468 3558 ipse
487 3503 538 3543 osa.
563 3487 628 3555 Vp?
658 3489 662 3553 Ι
690 3486 749 3540 iam
769 3488 883 3558 Paper,
906 3502 957 3543 om.
979 3485 1037 3542 VP
1109 3493 1160 3543 109

139 3572 196 3623 qua
220 3556 247 3611 V
263 3558 312 3624 qui
330 3559 380 3627 ΡΙ
401 3559 477 3612 fama
494 3557 545 3626 ΡΙ
565 3572 595 3610 99
613 3556 677 3626 per]
696 3572 806 3627 semper
830 3558 857 3614 V

1018 2312 1050 2379 ro
1069 2297 1165 2378 patria
1253 2345 1254 2350 ,
