2534 3954
507 167 750 232 -136-

122 327 206 392 Tota
229 330 322 392 ueste
345 330 455 393 uocat:
478 327 615 412 longum
637 327 693 412 qui
717 326 845 391 distulit
868 349 996 394 amnem

120 415 222 482 Fessa
246 416 306 482 sub
330 415 491 502 Augustis
514 419 552 480 ut
574 415 722 480 uoluerat
744 415 831 480 ostia
853 417 964 502 muris.
989 379 1018 452 7

120 499 190 570 Nec
217 505 323 570 minor
349 504 426 589 hoc,
453 504 590 570 tacitum
614 505 670 588 qui
692 525 751 587 per
774 505 845 569 sola
867 505 1003 591 pinguia
1027 507 1143 575 labens

112 591 263 679 Stringit
285 593 459 679 frugiferas
482 593 562 658 felix
583 593 750 658 Alisontia
773 593 872 678 ripas
1090 613 1141 663 371

119 681 210 747 Mille
234 682 304 767 alii,
331 685 430 766 prout
452 703 611 765 quamque
635 703 711 746 suus
736 681 843 767 magis
866 683 1009 766 impetus
1033 689 1143 770 urget,

118 769 202 836 Esse
225 771 275 836 tui
299 772 442 855 cupiunt.
486 773 598 836 tantus
621 771 874 855 properantibus
897 771 993 836 undis

122 860 276 925 Ambitus
301 863 359 924 aut
380 880 498 926 mores.
543 859 630 944 quod
654 860 682 924 si
704 858 779 943 tibi,
803 859 857 924 dia
879 858 1032 946 Mosella,

121 946 261 1031 Smyrna
284 970 376 1013 sunm
400 950 511 1013 uatem
533 947 588 1012 uel
610 947 746 1014 Mantua
769 947 859 1012 clara
882 948 1039 1036 dedisset,
1090 965 1141 1016 373
1254 943 1255 1010 ἶ

120 1035 255 1102 (lederet
277 1035 388 1101 Iliacis
412 1034 532 1102 Simois
555 1039 755 1101 memoratus
778 1036 815 1101 in
838 1036 904 1102 oris

119 1125 189 1191 Nec
210 1124 374 1209 praeferre
397 1145 474 1190 suos
498 1124 634 1190 auderet
655 1124 798 1210 Thybris
821 1124 971 1192 honores.

119 1211 170 1278 Da
192 1213 334 1295 ueniam,
358 1212 413 1296 da,
436 1211 542 1279 Roma
563 1216 694 1298 potans!
717 1213 827 1298 pulsa,
850 1234 922 1298 oro,
945 1213 1092 1281 facessat

119 1300 248 1367 Inuidia
271 1305 304 1367 et
327 1300 441 1367 Latias
464 1301 614 1368 Nemesis
637 1324 704 1368 non
727 1303 860 1387 cognita
881 1303 1028 1388 linguae:

119 1479 253 1563 Imperii
276 1479 386 1545 sedem
409 1477 533 1544 Romae
555 1482 688 1544 tenuere
710 1482 872 1564 parentes.
1090 1496 1143 1552 389,

121 1565 232 1653 Saluo,
255 1589 374 1655 magne
396 1589 515 1653 parans
539 1567 732 1654 frugumque
755 1568 938 1653 uirumque,
962 1566 1116 1635 Mosellal

121 1655 166 1720 Te
190 1657 269 1722 clari
292 1678 456 1741 proceres,
478 1660 512 1722 te
535 1656 622 1721 bello
645 1656 787 1722 exercita
809 1656 928 1741 pubes,

121 1745 262 1809 Aemula
283 1748 316 1809 te
339 1743 455 1810 Latiae
478 1745 611 1811 decorat
633 1745 785 1811 facundia
807 1745 949 1831 linguae.

121 1830 208 1908 Quin
231 1831 332 1898 etiam
356 1854 463 1899 mores
486 1837 520 1899 et
542 1833 665 1899 laetum
688 1833 797 1900 fronte
820 1855 934 1898 serena

119 1919 293 2008 Ingenium
315 1925 433 1986 natura
456 1921 523 1987 tuis
546 1922 707 1988 concessit
729 1923 879 1988 alumnis.
1088 1937 1140 1990 383

118 2009 188 2076 Nec
212 2010 284 2076 sola
307 2011 460 2095 antiquos
484 2014 631 2077 ostentat
652 2010 759 2077 Roma
782 2008 938 2094 Catones,

120 2100 189 2163 Aut
210 2121 297 2165 unus
320 2102 450 2164 tantum
473 2099 550 2166 iusti
573 2104 738 2184 spectator
761 2104 793 2164 et
817 2099 911 2184 aequi

191 2268 244 2318 379
262 2264 334 2319 Plin.
349 2281 377 2319 n.
392 2266 419 2318 h.
435 2263 474 2318 XI
488 2269 539 2322 231
554 2265 716 2334 Nemeseos,
736 2281 807 2334 quas
824 2265 877 2321 dea
890 2263 1023 2320 Latinum
1037 2282 1142 2321 nomen

117 2349 154 2389 ne
177 2333 207 2388 in
227 2332 368 2404 Capitolio
392 2334 506 2405 quidem
529 2334 647 2391 inuenit.
682 2334 800 2390 XXVIII
819 2341 853 2391 22
877 2334 1035 2405 Nemeum,
1061 2337 1141 2392 cuius

118 2403 272 2532 „lltpffiae
287 2405 467 2496 sImulacrum
482 2407 513 2462 in
527 2405 668 2477 Capitolio
684 2410 734 2475 est,
750 2406 879 2476 quamuis
889 2407 1023 2462 Latinum
1036 2424 1142 2464 nomen

190 2631 243 2682 338
261 2627 357 2699 uocat]
381 2628 446 2682 loca
464 2644 525 2684 cum
542 2628 633 2697 spatio
651 2641 741 2682 cauco
760 2633 776 2682 1
797 2627 843 2683 uel
860 2633 880 2686 3
899 2628 951 2686 b'tt.
970 2627 999 2682 Β
1016 2629 1096 2685 locat
1113 2629 1142 2684 L

155 2703 207 2753 339
225 2698 300 2754 festa
317 2698 346 2753 Β
361 2701 366 2767 Ι
382 2699 503 2769 augusto
521 2699 549 2752 L
568 2701 572 2768 1
592 2697 687 2754 hostia
703 2697 764 2754 RL
854 2705 906 2755 370
925 2699 990 2771 nec]
1010 2716 1067 2756 non
1086 2701 1114 2755 L
1134 2700 1139 2772 Ι

117 2803 237 2860 cauum
255 2805 282 2860 u
345 2810 397 2860 arr
417 2769 551 2874 fruiferae
570 2806 617 2876 (az.
633 2808 713 2874 arr.)
736 2805 883 2874 orsam
901 2805 929 2861 a
944 2807 948 2874 ι
964 2805 1100 2889 amensa
1112 2806 1142 2862 a

155 2879 206 2930 372
221 2891 360 2945 quemque
374 2874 401 2929 L
415 2893 545 2946 quenque
558 2876 619 2932 ΒΒ
637 2877 706 2946 cdq;
727 2875 754 2933 θ
769 2879 773 2946 Ι
790 2893 856 2932 suus
875 2895 914 2933 au
932 2894 990 2932 suis
1004 2878 1141 2934 Incertum

118 2944 158 3000 Β·
244 2951 296 3001 373
315 2947 698 3019 tentusrusccfiBlmp.
717 2948 790 3004 dect.
809 2946 890 3002 mB
978 2950 1141 3005 374molcs

124 3015 252 3101 Vpolatus
323 3022 374 3072 373
393 3015 505 3100 ,smirna
522 3018 583 3073 RL
655 3025 707 3101 373
726 3019 839 3102 cpdcret
857 3019 917 3102 GR
939 3021 944 3084 Ι
963 3019 1066 3090 yllacis
1084 3019 1113 3075 R
1135 3020 1140 3092 Ι

118 3087 699 3230 sultitlltulaltlttu
718 3089 996 3232 &tiburtin
1015 3091 1142 3231 lid:

116 3230 179 3285 ΒΒ
198 3231 268 3287 hora
282 3231 320 3286 L⁸
336 3233 340 3300 Ι
356 3229 465 3287 facessa
477 3231 506 3285 Β
526 3232 647 3301 (facesse
660 3232 709 3301 B⁸)
727 3237 808 3302 lpost
824 3249 853 3288 a.
868 3237 924 3288 379
941 3233 1077 3304 quaedam
1095 3249 1141 3289 cc-
1256 3269 1257 3276 κ

119 3302 217 3358 οἰᾱίεεε
234 3303 310 3358 uidit
327 3302 479 3359 Acunum
499 3313 502 3320 ’
564 3307 617 3359 389
634 3303 763 3374 tenuare]
783 3319 837 3374 que
856 3305 935 3358 tuere
953 3303 1021 3359 Por.
1034 3306 1140 3377 ,tueare

120 3373 244 3440 parentis
263 3375 411 3444 Boeotiap,
430 3391 469 3429 aa
491 3372 618 3429 Romane
640 3375 720 3428 tuere
743 3376 910 3442 pareutum?
982 3379 1034 3430 381
1055 3373 1140 3431 Salus

118 3443 184 3496 mai.
204 3445 256 3498 zia.
270 3446 333 3500 iud.
350 3445 408 3500 GB
424 3447 429 3514 Ι
444 3444 547 3512 frigam
562 3445 589 3499 L
605 3448 608 3513 Ι
624 3443 772 3499 mosellam
790 3445 818 3498 L
878 3449 930 3502 383
949 3444 1100 3502 fascundia
1113 3446 1141 3504 L

154 3516 208 3566 384
227 3529 325 3568 serena
341 3514 402 3570 012
420 3529 518 3570 seuera
532 3515 591 3569 BL
664 3520 715 3570 387
735 3515 895 3584 speculator
911 3515 941 3570 Β
