2516 3954
440 243 481 254 --
527 225 671 273 LXXXXV
719 245 755 255 -

84 371 148 436 364
172 373 252 454 post
277 369 319 434 15
342 366 437 432 Febr.
484 367 666 433 louianus
690 369 869 452 imperator
892 370 1037 436 moritur.

173 457 337 524 11611126.
370 456 676 522 Valentinianus
691 454 737 544 (Ι)
755 458 940 543 imperator,
959 458 1105 524 Valens

172 546 347 632 Augustus
372 553 523 622 (Ammian.
534 555 625 610 XXVI
637 563 650 610 1
661 573 721 625 sqq.
740 556 864 626 Epitom.
874 557 928 623 45).
953 557 987 612 de
1002 557 1104 614 seueri·

173 636 237 688 tate
252 631 340 687 616116
353 630 533 703 imperatoris
547 631 605 686 uid.
620 631 759 690 Ammian.
774 631 904 687 XXVIIII
913 640 938 701 3,
948 640 973 688 2.
992 633 1069 688 XXX
1080 639 1104 688 8.

175 705 371 844 {tpltllllast’
391 709 416 759 6.
444 704 558 759 Η16166.
583 703 619 758 ad
637 721 661 758 6.
682 708 760 759 2381.
788 704 891 760 Auson.
912 703 988 760 Grat.
1008 707 1105 761 Acta

84 891 111 935 c.
129 869 199 934 364
226 868 326 952 paulo
354 870 431 952 post
455 865 652 930 Ausonius
680 865 818 952 triginta
845 888 904 950 per
927 889 1028 932 annos
1052 868 1105 933 do·

176 957 270 1022 cendi
298 977 432 1020 munere
459 954 590 1019 functus
619 962 721 1029 (Praef.
740 964 753 1018 I
773 962 818 1030 23)
836 981 893 1018 non
911 969 1027 1035 propter
1047 983 1106 1020 661-

176 1043 285 1097 1616616
312 1042 432 1108 famam,
462 1057 533 1110 quae
561 1040 640 1094 66116
663 1042 729 1096 ante
753 1040 806 1096 hoc
829 1041 940 1110 tempus
965 1041 1107 1111 emiserat,

178 1113 227 1170 sed
261 1115 294 1166 ut
324 1111 439 1167 scholae
469 1110 679 1180 Burdigalensis
708 1110 904 1166 celeberrimus
931 1117 1106 1182 praeceptor,

179 1211 199 1252 6
227 1186 462 1253 Valentiniano
489 1186 523 1250 in
549 1186 708 1268 palatium
738 1186 934 1251 Treuerense
962 1191 1107 1269 uocatur,

177 1281 215 1343 ut
239 1274 434 1339 Gratianum
462 1275 688 1359 grammatica,
715 1296 790 1339 mox
819 1277 919 1340 etiam
943 1275 1106 1341 rhetorica

177 1366 365 1430 institueret
388 1372 489 1437 (Praef.
509 1372 523 1426 Ι
541 1372 594 1438 ac).

177 1471 432 1537 Valentinianus
451 1470 535 1534 inter
548 1469 746 1555 religionum
761 1469 966 1535 diuersitates
981 1471 1104 1536 medius

179 1562 271 1626 stetit
284 1581 344 1624 nec
359 1581 553 1645 quemquam
569 1558 772 1643 inquietauit.
801 1567 942 1623 Ammian.
957 1568 1035 1622 XXX
1049 1576 1075 1637 9,
1090 1575 1106 1624 6

64 1683 66 1686 -
180 1647 214 1702 cf.
235 1645 363 1701 Zosimus
382 1644 434 1698 IIII
454 1651 478 1699 3.

87 1748 158 1806 ante
178 1762 204 1804 a.
222 1745 287 1804 364
310 1741 495 1818 Burdigalae
510 1741 624 1818 scripta
636 1740 781 1800 uidentur
794 1761 830 1801 ea
844 1742 1108 1820 epigrammata

179 1833 291 1910 quibus
313 1831 467 1891 Ausonius
494 1830 606 1890 inludit
632 1830 839 1906 grammaticis
867 1835 898 1891 et
925 1831 1107 1906 rhetoribus,

178 1942 203 1982 6.
227 1941 256 1998 g.
281 1940 331 1998 ep.
352 1922 470 1997 6—13,
495 1921 665 1981 606161.
697 1938 746 1996 ep.
767 1921 809 1980 34
833 1919 1015 1986 adGallcm
1037 1922 1107 1980 ante

177 2014 284 2070 natam
308 2009 447 2070 Gratiani
475 2027 607 2069 sororem
631 2009 838 2084 cognominem
861 2009 1016 2086 scripsisse
1040 2027 1109 2068 eum

179 2091 424 2160 colrsentaneam.

87 2203 154 2269 366
181 2199 398 2267 Gratianus
421 2199 535 2265 consul
558 2197 581 2264 Ι.

87 2317 160 2375 6616
180 2332 207 2374 6.
228 2315 291 2373 367
325 2310 539 2389 Ephemeris
554 2309 738 2388 Burdigalae
757 2310 877 2385 scripta,
896 2328 954 2387 quo
973 2312 1107 2386 tempore

179 2401 343 2460 Paulinum
361 2399 550 2476 instItuebat,
574 2400 626 2475 qui
643 2401 751 2475 postea
768 2397 942 2458 0161166661
960 2398 992 2458 16
1011 2399 1108 2475 Ephe-

179 2490 295 2550 meride
317 2489 449 2566 positam
470 2487 608 2548 imitatus
632 2492 692 2566 est3
719 2488 827 2565 palatii
848 2487 933 2548 66116
955 2487 987 2546 16
1009 2487 1107 2563 Ephe·

180 2578 295 2640 meride
318 2579 438 2638 mentio.

88 2681 155 2747 367
183 2680 229 2745 24
241 2678 326 2764 Aug.
350 2678 563 2744 Gratianus
578 2677 942 2762 Augustusdeclaratur
956 2685 1107 2752 (Ammien.

179 2765 286 2822 XXVII
297 2771 322 2835 6,
334 2771 375 2821 le.
389 2763 511 2836 Epitom.
522 2770 566 2820 45.
581 2764 682 2818 Zosim.
693 2763 797 2818 111112.
812 2763 924 2818 Hieron.
936 2763 1109 2832 61162383).

89 2882 115 2924 a
137 2865 203 2924 368
228 2862 267 2922 ad
288 2862 400 2921 festum
422 2861 577 2938 paschale:
604 2879 734 2920 uersus
756 2859 965 2934 Paschales,
988 2857 1020 2918 in
1043 2859 1109 2936 qui·

180 2952 238 3011 bus
271 2950 381 3027 multa,
413 2968 493 3030 quae
524 2950 557 3008 16
580 2947 723 3009 Oratione
756 2967 850 3025 supra
876 2950 1110 3007 commemorata

182 3039 354 3118 scripserat,
373 3039 486 3098 eisdem
499 3039 602 3098 6611116
615 3037 773 3114 repetiuit3
797 3037 959 3114 eodemque
974 3040 1109 3112 tempore

179 3129 281 3190 nescio
306 3147 345 3188 66
367 3128 475 3188 1666111
496 3127 700 3187 6161166661
718 3125 921 3202 rhopalicis
939 3124 1109 3184 uersibus

180 3218 326 3294 scriptam
349 3219 395 3286 (cf.
414 3221 515 3278 Pasch.
534 3225 568 3276 25
587 3220 731 3290 geminum
754 3222 831 3274 sator
848 3218 1038 3289 Augustorum
1061 3216 1111 3284 qui

179 3298 298 3354 fratrem
317 3299 469 3366 natumque
488 3340 495 3354 .
514 3339 522 3352 .
542 3298 571 3366 ·).

93 3391 273 3458 368-314
291 3389 525 3454 Ambrosius
540 3385 704 3473 (Treueris
722 3392 819 3453 natus
834 3409 859 3452 6.
874 3409 901 3451 6.
914 3384 988 3466 340,
1003 3385 1110 3468 posito

180 3482 215 3545 in
243 3478 528 3544 administratione
550 3477 775 3561 praefecturae
798 3475 979 3540 Galliarum
1003 3471 1110 3562 patre)

179 3569 349 3654 professus
378 3568 412 3632 in
441 3566 601 3632 auditorio
630 3567 854 3651 praefecturae
882 3563 1038 3648 praetorii
1064 3563 1111 3626 ita
