2546 3962
522 186 765 252 „308-

141 345 306 431 Morigera
328 349 361 410 ct
383 346 523 410 coniunx
545 367 683 430 caraque
707 367 746 412 ex
768 346 904 430 coniuge
927 345 1008 411 nati

138 434 288 514 Moribus
312 434 394 502 haec
415 434 515 500 castis
538 434 653 500 tribuit
676 435 769 500 deus:
790 434 827 498 hi
851 434 914 499 sibi
936 456 1047 500 mores

141 527 335 610 Perpetuam
359 524 522 608 spondent
544 527 683 589 nentina
704 524 739 587 in
761 524 890 589 saecula
911 524 1025 590 uitam.

88 733 195 778 mm
209 736 310 785 [raum
324 747 343 780 ο.
350 739 379 786 11]
436 719 631 803 (summus
654 719 852 803 ausuram).

207 862 350 929 Domino
381 862 498 927 merito
526 862 732 946 suspiciendo
755 859 901 926 Gestidio
925 859 1094 928 Paulinus.

140 986 264 1051 Iniuria
295 986 426 1070 quidem
460 989 510 1051 est
540 987 629 1071 patri
655 985 797 1052 familias
830 985 1002 1050 maritimis
1033 985 1161 1050 deliciis

142 1075 322 1141 abundanti
348 1078 515 1139 terrenum
542 1075 665 1158 aliquid
693 1079 726 1140 et
749 1078 877 1160 agreste
899 1074 1072 1158 praebere;
1106 1074 1162 1139 sed

142 1182 216 1248 ego,
238 1166 276 1227 ut
299 1166 332 1227 et
354 1185 452 1228 cama
475 1163 558 1229 mihi
581 1167 668 1229 esset
691 1165 770 1248 aput
792 1164 1041 1228 unanimitatem
1067 1165 1162 1227 tuam

141 1251 263 1336 aliquid
282 1252 497 1337 conloquendi
515 1256 548 1317 et
566 1252 697 1335 aliquod
716 1253 858 1317 sermoni
875 1251 951 1317 huie
965 1251 1162 1336 obsequium
1180 1272 1193 1320 5

141 1341 269 1406 uiderer
288 1340 478 1427 adiungere,
501 1341 656 1425 pauculas
681 1340 719 1406 de
742 1341 957 1424 paucissimis,
981 1361 1062 1424 quas
1083 1363 1162 1425 pue-

141 1431 205 1496 ruli
241 1450 375 1514 uespers
407 1429 564 1513 inferunt,
595 1429 748 1496 ficedulas
781 1429 865 1494 misi.
912 1451 1049 1514 quarum
1086 1451 1163 1494 cum

142 1519 364 1585 erubescerem
386 1518 601 1604 paucitatem,
624 1519 719 1602 plura
742 1518 841 1584 etiam
864 1519 1034 1584 uersiculis
1057 1519 1163 1583 uerba

142 1607 305 1690 subtexui,
338 1606 432 1693 quasi
463 1629 541 1673 uero
573 1629 744 1673 numerum
776 1606 975 1691 loquacitate
1002 1606 1163 1673 facturus,

144 1696 202 1761 sed
225 1697 301 1780 quia
324 1698 460 1780 utraque
483 1696 658 1780 culpabilia
682 1693 771 1780 sunt,
792 1700 829 1760 tu
847 1696 993 1780 utrisque
1017 1696 1162 1781 benigno
1182 1715 1211 1765 10

143 1805 180 1850 ac
212 1783 418 1849 familiariter
446 1783 644 1868 ignoscendo
672 1784 786 1864 facies,
818 1787 855 1849 ut
886 1805 946 1849 nee
978 1783 1161 1849 inhumana

142 1873 290 1939 uideatur
311 1871 459 1957 paucitas
482 1894 541 1937 nec
564 1872 676 1938 odiose
699 1874 884 1960 garrulitas.

143 1996 241 2064 Sume
264 1996 367 2082 igitur
389 2000 501 2080 pastas
525 1997 660 2063 dumoso
683 1998 718 2061 in
741 2018 815 2062 rure
837 1995 1001 2078 uolucres,

143 2085 231 2162 Quas
255 2086 390 2151 latitans
415 2085 511 2150 filicis
535 2087 595 2151 sub
619 2085 764 2170 tegmine
788 2084 925 2152 callidus
950 2104 1084 2171 auceps,

142 2173 229 2240 Dum
253 2173 352 2240 simili
375 2174 531 2239 mentitur
554 2196 630 2239 aues
653 2174 803 2258 fallitque
826 2195 974 2258 susurro,

143 2263 288 2349 Agmina
309 2262 444 2328 uiscatis
468 2263 638 2347 suspendit
660 2263 790 2328 credula
812 2263 924 2347 uirgis.

142 2352 232 2416 Tunc
254 2350 398 2418 referens
422 2356 553 2416 tenuem
575 2373 643 2417 non
664 2372 767 2436 paruo
791 2372 922 2417 munere
945 2351 1104 2436 praedam
1146 2368 1161 2419 5

142 2439 273 2527 Digerit
297 2440 471 2524 aucupium
493 2441 629 2506 tabulis:
653 2444 687 2505 et
709 2441 833 2524 primus
857 2439 975 2525 opimis

143 2527 231 2594 Ordo
254 2530 350 2614 nitet,
374 2528 494 2595 sensim
516 2533 669 2594 tenuatus
694 2529 735 2594 ad
757 2529 825 2593 ima
847 2526 998 2594 tabellae.

143 2616 190 2683 Vt
213 2619 320 2684 minus
343 2617 486 2686 offendat
509 2618 643 2702 mamae,
665 2618 811 2701 praelata
835 2617 969 2702 saginae

144 2704 259 2772 Gratia
281 2711 474 2790 praeuentos
497 2708 612 2793 pingui
635 2707 728 2771 iuuat
751 2706 829 2772 alite
853 2708 950 2772 uisus.

215 2956 248 3006 17
268 2909 351 3006 ⁰01iuer
369 2954 400 3005 H
427 2954 431 3022 Ι
461 2952 579 3022 adiunge
603 2951 639 3006 V¹
712 2957 745 3007 18
766 2929 811 3005 his
829 2949 870 3005 ibi
888 2953 919 3004 H
991 2957 1025 3006 19
1044 2947 1163 3009 sol'aV

144 3022 239 3080 secula
257 3025 288 3077 H
310 3022 315 3092 Ι
339 3039 439 3078 morem
458 3023 616 3080 amorosii
635 3039 731 3079 sveoru
749 3024 780 3076 H

97 3111 126 3164 V
218 3109 336 3166 XXXIII
356 3117 369 3166 1
385 3129 519 3168 murmura
537 3128 679 3186 errsronae
694 3110 735 3168 seir
749 3128 856 3166 aarum
872 3112 876 3180 Ι
892 3127 994 3166 noumo
1008 3113 1056 3224 egel.
1076 3113 1160 3169 mum·

143 3237 221 3293 ribus
239 3237 291 3293 zia.
311 3237 376 3292 mia.
395 3233 499 3293 8ch
567 3236 782 3292 anabundanti
806 3235 833 3288 V
903 3235 1041 3304 taliqurs
1066 3236 1095 3291 V

145 3347 161 3396 r
180 3341 327 3414 ficedulas]
345 3341 483 3398 lassans
502 3345 530 3412 (a
546 3358 591 3410 a,
611 3342 629 3395 u
647 3343 680 3398 a
697 3343 720 3412 e)
743 3339 780 3397 ν’
805 3345 810 3412 l
834 3317 892 3411 dut
910 3346 937 3412 (ο
956 3343 1004 3412 az.)
1028 3341 1055 3397 V
1128 3349 1159 3398 n

145 3410 294 3482 uidealstur
317 3414 347 3483 (n
364 3415 452 3482 aueo)
475 3413 502 3468 V
572 3419 585 3468 1
612 3412 695 3468 Sume
718 3415 784 3469 mia.
809 3414 837 3467 V
862 3419 866 3479 l
895 3413 968 3486 rulre
987 3418 1053 3483 post
1072 3415 1124 3470 ata
1142 3433 1161 3469 u

145 3483 441 3539 eaaaidamteraeam
454 3483 481 3538 V
532 3482 698 3557 oprapdam
712 3484 739 3539 V
791 3484 950 3558 'itabellae
965 3483 993 3540 V
1044 3489 1100 3554 8p
1150 3515 1160 3526 ·

144 3551 204 3606 lata
227 3552 255 3608 V
324 3559 340 3608 9
359 3556 539 3628 praeuentosr
559 3555 611 3612 lert.
631 3572 647 3611 ο
666 3555 798 3622 diuidiae,
818 3571 830 3608 s
849 3571 929 3613 recor.
955 3554 998 3623 Vl
1020 3501 1160 3612 iubatmt1
