2540 3962
507 181 744 246 -188-

116 341 252 408 Frustra
276 340 391 406 dehinc
415 339 485 405 solo
510 337 707 422 Caprearum
731 340 861 405 clausus
884 340 920 405 in
943 343 1052 423 antro,
1102 357 1137 407 15
1258 340 1259 358 ³

162 429 250 506 Quae
274 429 384 514 prodit
405 428 511 512 uitiis,
535 427 637 492 credit
660 430 775 512 operta
798 428 887 495 locis.

64 656 119 708 [cn
406 636 467 690 un.
496 633 639 691 censen
657 613 848 692 cnmcvnn.

117 763 198 829 Post
220 762 307 828 hunc
330 762 488 829 castrensi
511 759 644 847 Oeligae
667 762 858 848 cognomine
882 761 1003 828 Oeesor

162 850 324 917 Successit
348 871 445 916 saeuo
470 851 599 916 saeuior
620 851 767 936 ingenio,

116 938 279 1006 Caedibus
302 939 500 1023 incestisque
522 938 641 1004 dehinc
663 939 846 1004 maculosus
871 942 904 1004 et
926 940 1015 1004 omni

160 1026 303 1094 Crimine
325 1027 488 1112 pollutum
512 1028 568 1111 qui
591 1028 758 1111 superauit
781 1049 887 1093 suum.
957 1115 974 1138 ·
1021 1129 1025 1134 ἡ
1101 1046 1136 1096 20

997 1141 1029 1178 t?

65 1256 119 1306 [ses]
421 1236 455 1294 V.
481 1234 663 1291 CLAVDIVS
683 1233 830 1292 CAESAR.

116 1360 270 1429 Oloudius
293 1363 414 1428 inrisae
437 1361 568 1447 priuato
591 1363 627 1428 in
648 1367 794 1448 tempore
817 1363 918 1447 uitae,

158 1450 199 1516 In
221 1472 323 1537 regno
348 1451 510 1536 specimen
532 1450 677 1536 prodidit
698 1451 829 1536 ingenii.

114 1538 283 1606 Libertina
305 1544 416 1605 temen
438 1542 613 1624 nuptarum
637 1544 670 1604 et
692 1540 827 1605 crimine
849 1561 962 1623 passus

159 1629 237 1694 Non
258 1628 406 1694 faciendo
430 1649 565 1712 nocens,
589 1632 640 1692 set
662 1628 817 1712 patiendo
841 1626 911 1692 fuit.

61 1838 117 1886 [see]
537 1818 584 1873 VI.
603 1817 712 1873 NERO.

116 1944 307 2011 Aeneadum
330 1945 458 2030 generis
483 1945 539 2030 qui
561 1949 672 2010 sextus
697 1948 730 2008 et
751 1944 886 2009 ultimus
909 1945 1017 2030 heres,
1099 1965 1134 2013 25

158 2031 280 2098 Polluit
304 2036 337 2099 et
359 2033 478 2099 clausit
500 2033 583 2098 Iulia
607 2055 700 2099 sacra
722 2031 820 2098 Nero.

114 2121 258 2188 Nomine
280 2126 360 2206 quot
381 2122 501 2206 pistos,
529 2125 580 2186 tot
601 2122 702 2186 hebet
725 2143 852 2206 quoque
876 2122 1011 2187 crimine
1033 2125 1136 2190 uitae.

158 2208 255 2276 Disce
279 2233 318 2276 ex
341 2210 544 2295 Tranquillo:
571 2215 621 2276 set
644 2211 829 2274 meminisse
851 2211 952 2296 piget.

111 2509 138 2562 tr
178 2436 237 2562 'im
257 2443 272 2490 1
293 2437 406 2492 Sueten.
426 2437 515 2508 Calig.
531 2441 561 2492 92
581 2437 727 2507 Caligulae
747 2453 902 2507 cognomen
916 2438 1053 2494 cestrensi
1069 2439 1134 2496 ioco

139 2523 186 2563 exi

182 2723 199 2772 3
217 2718 311 2774 irncte
328 2720 367 2772 Σ1
440 2725 458 2774 4
475 2719 563 2789 prode
582 2719 630 2773 Μ’

181 2805 236 2860 IIII
255 2805 386 2864 callicula
403 2807 433 2864 P
454 2807 548 2876 celige
562 2810 590 2860 Σ
656 2813 671 2860 1
691 2807 828 2862 cestrensi
845 2807 961 2864 Schenkl
979 2811 1132 2866 cestrensis

109 2912 176 2968 zecri
191 2913 196 2981 ι
213 2911 327 2984 cesar]
351 2912 438 2970 casus
457 2914 603 2970 suesce
674 2919 691 2967 e
709 2911 824 2970 inserts
842 2914 891 2969 m
910 2916 915 2983 ι
941 2893 993 2984 tue
1016 2914 1044 2969 V
1115 2924 1133 2971 4

111 2998 195 3038 snum
213 2990 246 3040 ut
262 2985 321 3040 uid.
341 2983 371 3038 P

181 3069 208 3126 V
228 3069 360 3129 Claudius
380 3072 462 3127 dinus
482 3090 560 3128 ceser
574 3076 602 3126 Σ
628 3073 729 3128 Caesar
746 3073 797 3128 del.
813 3073 929 3128 Schenkl
983 3075 1131 3148 linrisee]

115 3143 191 3213 7Σ1
216 3142 337 3216 priuseto
355 3146 401 3212 ΣΙ
426 3143 456 3199 in
474 3160 525 3200 om.
544 3148 581 3199 M
648 3150 664 3198 2
684 3142 780 3214 prodit
797 3143 835 3198 >3¹
852 3146 857 3214 Ι
872 3143 985 3214 imperii
1001 3145 1030 3198 B
1113 3155 1130 3202 3

110 3218 142 3270 et
159 3213 277 3269 crimine
294 3231 395 3284 pessus
417 3214 444 3269 V
464 3217 541 3270 certe
558 3215 685 3286 potestas
704 3214 733 3268 P
747 3219 812 3284 post
829 3218 981 3284 nuptorum
998 3217 1072 3272 nicil
1090 3233 1131 3274 se·

109 3287 206 3356 quitur
222 3285 343 3354 BSM‘,
361 3287 393 3342 in
410 3302 497 3356 more.
517 3304 556 3340 .r.
574 3285 603 3339 Β
675 3292 693 3339 4
711 3285 766 3356 set]
791 3285 818 3340 V

182 3374 221 3430 VI
238 3373 313 3430 Nero
333 3375 438 3431 Saeuus
456 3379 484 3430 Σ
555 3381 569 3428 1
589 3375 671 3447 heres
689 3374 751 3428 ΒΣ
767 3376 809 3443 (e‘u
828 3377 856 3429 Σ
872 3376 953 3448 heres
968 3381 1033 3444 post
1051 3376 1130 3446 odd.)

110 3450 162 3571 m?
176 3445 308 3571 {unsar
361 3447 470 3517 equod
489 3446 558 3503 ΙῙΣι
611 3445 788 3515 4trannilo
808 3445 1133 3515 PlsetVetB2M¹
