2466 3958
522 208 680 253 -Lxx
729 225 765 234 -

136 357 186 418 est
198 354 339 437 primum
357 354 433 435 post
452 349 686 416 dedicationem
705 349 739 412 in
753 346 927 432 Vossiano,
946 351 1101 414 octauum
1123 349 1161 414 in

135 444 167 508 Z
192 446 224 507 et
251 441 338 527 apud
365 439 581 506 Souohaeum:
610 438 646 502 in
673 459 711 503 eo
739 440 848 503 autem
876 459 950 502 eum
977 437 1011 502 Z
1033 436 1162 523 legitur

135 554 166 597 u.
186 532 207 597 3
230 551 328 598 aaron
351 527 479 617 (eodem
502 551 598 594 uersu
622 527 742 609 feronio
764 527 877 606 habet,
904 550 935 592 u.
954 527 974 592 6
997 525 1161 611 Sicaniae,

135 644 165 685 u.
199 621 219 686 8
258 620 297 685 ab
335 620 444 703 salpae
479 639 513 701 p.
547 614 633 703 loco).
693 637 790 701 aque
826 614 912 681 idem
949 615 1161 700 epigramma

135 709 296 775 Iohannes
327 706 575 775 Sarisberiensis
603 706 755 772 Poliorat.
783 703 813 771 V
840 707 879 770 17
908 704 1022 770 laudat
1048 709 1160 772 totum

135 799 281 884 legitque
304 798 410 882 primo
434 797 548 862 statim
570 817 680 861 uersu:
709 795 876 860 Fictilibus
897 814 1019 860 canaam
1039 795 1160 876 ferani,

134 911 166 952 u.
189 888 210 953 3
233 887 369 953 Feronia
392 890 425 951 et
447 905 558 968 aaran,
588 908 618 949 u.
641 885 662 950 6
686 884 826 963 Siciliae,
855 885 929 949 u.8
957 884 996 949 ab
1023 885 1101 950 exiii
1127 907 1160 968 p.

134 978 233 1044 domo.
275 980 422 1061 totaque,
446 996 544 1059 quam
567 975 623 1038 ille
647 973 785 1057 disserit,
809 973 983 1057 sententia,
1006 995 1046 1038 ex
1070 995 1158 1040 oom-

134 1067 226 1130 muni
253 1066 343 1131 fonte
367 1065 525 1147 sublecta,
556 1063 584 1127 si
613 1085 680 1128 non
708 1084 746 1126 ex
775 1063 847 1146 ipso
871 1061 1028 1127 Iohannis
1057 1085 1159 1148 opere

134 1155 342 1239 transcripta,
365 1152 506 1218 anoilio
526 1151 633 1217 Balbo
652 1150 807 1215 tribuitur
830 1152 865 1215 in
887 1151 996 1217 oodioe
1016 1147 1157 1217 Linden-

135 1243 284 1328 brogiil
314 1239 489 1329 (Caecilius
518 1241 643 1305 Balbus
672 1240 720 1305 ed.
745 1239 913 1305 Woelfflin
937 1263 968 1324 p.
995 1239 1070 1325 14),
1100 1242 1158 1326 qui

135 1336 291 1416 quattuor
324 1331 459 1396 ultimos
492 1334 622 1395 tantum
652 1350 766 1394 uersus
796 1327 880 1414 (Rea
910 1349 962 1412 epo
993 1349 1065 1394 cam
1094 1331 1158 1396 sim

135 1421 262 1486 Siciliae
285 1457 326 1467 -
350 1420 389 1485 ab
416 1420 490 1485 eaili
507 1441 541 1503 p.
564 1415 682 1504 domo),
710 1418 823 1483 eodem
845 1421 957 1483 tamen
979 1418 1079 1484 modo
1103 1419 1157 1484 da·

133 1513 288 1596 prauatos
312 1510 454 1594 praebet.

200 1615 290 1682 Haeo
317 1617 419 1702 igitur
442 1637 480 1680 ex
503 1615 630 1680 laciniis
654 1614 776 1679 uetusti
799 1613 936 1693 oodieis,
958 1613 1154 1700 priusquam

134 1726 207 1770 oum
230 1705 291 1788 eis,
319 1726 401 1789 quae
428 1704 573 1769 familiae
596 1704 628 1768 Z
653 1707 729 1767 sunt
751 1703 904 1788 propria,·
922 1704 1154 1787 coalescerent,

132 1793 285 1859 uidentur
316 1793 490 1877 descripta:
522 1815 599 1857 nam
632 1814 698 1857 non
731 1814 807 1857 oasu
838 1792 961 1856 factum
988 1795 1083 1876 puto,
1117 1797 1157 1857 ut
1228 1855 1229 1884 ÷

132 1882 216 1947 illud
238 1882 443 1965 potissimum
468 1883 679 1966 epigramma,
703 1880 791 1965 qnod
809 1880 844 1945 in
862 1881 977 1965 primis
996 1885 1155 1965 posuerat
1228 1891 1229 1894 ’

131 1971 309 2055 Ausonius,
330 1970 426 2036 nobis
450 1970 496 2035 sio
520 1974 711 2035 seruaretur.

91 2089 118 2143 T
203 2078 350 2144 Tilianas
374 2109 416 2131 =
439 2078 600 2143 Leiderlsis
624 2077 707 2143 Voss
731 2077 784 2142 lai.
809 2076 920 2157 (2107
942 2073 1037 2161 (olim
1058 2075 1156 2143 Voss.

134 2167 190 2231 lat.
212 2164 290 2253 191)
315 2168 416 2232 chart.
441 2190 465 2232 s.
488 2165 551 2230 XV
574 2170 730 2231 constans
755 2165 1051 2249 quinternionibus‚
1075 2188 1155 2250 quo·

131 2277 204 2319 rum
220 2257 303 2320 sexti
321 2257 394 2320 loco
410 2255 503 2321 adest
517 2258 696 2339 quaternio,
714 2254 793 2320 noni
807 2258 841 2318 et
854 2254 965 2319 ultimi
979 2255 1154 2322 sexternio
1227 2321 1228 2328 χ

132 2345 218 2408 inest
253 2343 285 2428 1)
314 2365 423 2426 corpas
449 2344 671 2410 Antonianum
697 2342 720 2408 f.
747 2341 870 2422 1-,-57ν
893 2342 990 2430 med.;
1027 2343 1155 2409 interiit

133 2435 241 2497 antem
272 2438 346 2497 ante
375 2432 398 2497 f.
423 2433 439 2497 1
472 2434 571 2518 primi
600 2432 838 2516 quinternionis
866 2432 1008 2516 primum
1036 2433 1154 2498 folium

132 2519 235 2607 (quod
254 2522 443 2587 continebat
461 2521 564 2606 epigr.
586 2523 614 2587 1.
638 2522 667 2586 9.
690 2522 720 2586 2.
745 2522 774 2586 3.
798 2519 829 2587 5.
848 2521 880 2587 6.
901 2520 966 2586 253
985 2543 1015 2587 u.
1037 2522 1153 2608 1-3);

133 2731 149 2821 <
149 2642 242 2798 xiii
257 2646 283 2798 Ξ
287 2644 452 2821 1588)Τ--59ιι
461 2646 543 2712 med.
563 2644 703 2712 Ausonii
713 2644 1155 2730 adPaulinumap.XXVIIII

352 2787 359 2821 ν

198 2837 234 2926 3)
257 2840 279 2905 f.
303 2838 461 2906 602—62‘
489 2840 640 2926 Gatalogi
667 2842 797 2908 urbium
826 2840 1011 2928 fragmenta
1039 2840 1152 2906 eadem

131 2933 230 3013 atque
262 2952 353 3015 quae.
379 2930 512 2996 exhibet
540 2930 640 2995 editio
669 2930 920 2997 Mediolanensis
943 2929 1085 2996 Ferrarii
1113 2952 1152 2996 ex

16 3081 20 3090 ,
132 3016 163 3083 S.
191 3015 363 3103 Eustorgii
391 3018 645 3084 Mediolanensis
672 3019 768 3086 libro.
806 3020 892 3085 unde
923 3020 994 3104 ipse
1020 3018 1151 3084 Ueberl.

131 3130 162 3192 p.
186 3107 251 3172 213
272 3129 340 3191 sqq.
374 3107 511 3172 eundem
540 3129 610 3173 esse
639 3108 805 3174 Tilianum
833 3114 866 3174 et
894 3107 1150 3193 Eustorgianum

95 3195 96 3200 ’
131 3197 271 3281 probare
301 3196 423 3278 studui,
454 3194 665 3263 Schenkelius
688 3197 811 3261 Titiani
838 3199 1007 3262 librarium
1036 3202 1069 3262 et
1091 3196 1150 3263 Vr·
1225 3267 1226 3278 χ

130 3285 222 3350 bium
254 3285 437 3371 fragmenta
470 3289 503 3351 et
531 3285 706 3370 epistulam
735 3285 895 3351 Graecam
923 3286 1021 3351 VIIII
1045 3283 1150 3372 (XII),

131 3373 167 3437 in
190 3375 307 3458 quibus
326 3374 496 3440 Ferrarius
520 3396 593 3440 oum
612 3373 741 3440 Tiliano
762 3377 934 3459 consentit,
958 3397 997 3440 ex
1015 3375 1150 3442 Eustor·

132 3462 229 3546 giano
252 3463 288 3528 in
312 3486 403 3528 suurn
428 3463 547 3530 librum
571 3463 779 3528 transtulisse
804 3464 998 3548 suspicatur.
1033 3468 1069 3529 at
1092 3465 1149 3530 illa

128 3550 273 3635 epistula
290 3551 325 3615 in
344 3553 452 3618 oodioa
467 3553 508 3618 ab
527 3553 654 3617 familia
667 3551 700 3617 Z
711 3552 817 3616 alieno
832 3552 932 3617 fuisse
946 3574 1014 3618 non
1026 3557 1149 3638 potast3
