2516 3954
584 236 776 284 ...c-

174 379 240 444 376
264 376 440 442 Gratiani
458 377 547 462 leges
568 377 606 442 de
630 377 768 460 publicis
788 377 1053 462 praeceptoribus
1075 401 1209 444 uocan-

263 467 313 531 dis
337 474 414 540 (Cod.
434 475 573 531 Theodos.
588 475 654 530 XIII
669 483 693 544 3,
712 483 742 530 11
762 475 788 531 d.
804 482 846 530 23.
861 463 976 551 Mai.)*)
1010 471 1044 530 et
1067 467 1107 532 dc
1128 489 1205 533 ser-

194 635 198 642 ·
264 556 379 619 uandis
412 557 444 674 ip
472 555 552 619 urbe
580 554 745 620 ueteribus
774 555 925 640 operibus
952 563 1030 630 (cod.
1052 565 1207 622 Theodos.

177 723 251 800 377,
264 640 355 780 lisliti²
370 640 501 780 {Spem
521 720 583 779 Ian.
617 719 744 779 Ausonii
767 719 937 797 quaestoris
960 719 999 778 ad
1018 720 1209 780 Vrsulum

264 809 496 887 grammaticum
523 807 736 886 Treuerorum,
764 808 922 868 Harmonii
949 808 1114 886 collegam,
1145 829 1207 888 ep.

265 899 348 959 XIII.

177 981 242 1047 376
267 981 480 1066 Hesperius
494 981 667 1064 proconsul
683 979 814 1046 Africae
829 988 953 1060 (Epioed.
964 995 1007 1044 45.
1023 989 1092 1046 Ood
1105 991 1205 1046 Theo-

266 1067 387 1123 dosxv
399 1073 423 1132 r,
435 1073 464 1132 3,
483 1065 548 1119 XVI
559 1071 623 1134 5,4;
643 1067 710 1134 132,
720 1073 746 1120 a.
766 1067 801 1121 cf.
817 1065 881 1120 CIL
898 1066 963 1120 VIII
972 1071 1043 1120 5423
1124 1067 1207 1122 mins

265 1148 436 1221 Hesperius).
450 1139 625 1204 Flauianus
641 1140 886 1206 commendante
894 1139 1092 1224 Symmacho
1105 1163 1206 1207 euec-

265 1236 319 1294 tus
343 1237 493 1304 (Ammian.
517 1238 635 1292 XXVIII
654 1246 679 1308 6,
693 1246 728 1294 28
751 1240 788 1294 ad
806 1238 973 1308 Hesperium
995 1241 1205 1308 proconsulem

265 1319 295 1370 ct
308 1315 474 1370 VlauIanum
488 1314 625 1369 ulcarium
639 1318 704 1370 sunt
717 1315 805 1382 missi,
819 1332 938 1384 quorum
952 1314 1082 1383 aequitas
1097 1318 1204 1370 aucto·

266 1387 350 1441 ritate
367 1386 435 1441 nixa
451 1384 609 1440 iustissima
628 1425 635 1439 .
655 1430 661 1442 .
683 1426 690 1439 .
710 1386 865 1455 cognouit).

179 1468 242 1527 376
263 1465 310 1526 Xl.
330 1467 392 1525 lan.
417 1465 621 1544 Symmachi
644 1466 687 1524 ad
710 1466 840 1524 Auson.
864 1483 914 1541 ep.
934 1465 949 1524 Ι
970 1467 1024 1525 13:
1049 1464 1198 1526 Gratiani

267 1555 434 1616 oratIonem
456 1556 489 1614 in
507 1557 614 1614 senatu
637 1554 746 1614 lectam
769 1554 883 1614 laudat.

250 1742 275 1812 *)
294 1741 361 1797 God.
384 1741 525 1797 Theodos.
544 1741 609 1796 XIII
628 1749 657 1810 3,
679 1748 724 1798 11:
752 1743 842 1812 Impp.
867 1743 971 1799 Valens
989 1741 1143 1800 Gratianus
1170 1747 1203 1800 et

179 1811 393 1868 Valentinianus
420 1811 506 1867 AAA.
528 1813 651 1869 Antonio
674 1815 714 1870 Pf.
739 1814 770 1868 P.
796 1813 959 1870 Galliarum.
1001 1813 1054 1870 Per
1083 1833 1202 1871 omnem

178 1883 328 1940 dioecesim
357 1884 535 1939 commissam
562 1885 789 1954 magnificentiae
814 1890 878 1940 tuac
903 1885 1139 1954 frequentissimis
1168 1887 1201 1941 in

178 1955 356 2024 ciuitatibus,
376 1972 447 2024 quae
465 1955 575 2024 pollent
592 1961 621 2011 et
640 1957 764 2011 eminent
781 1957 960 2024 claritudIne,
979 1960 1200 2027 praeceptorum

178 2026 280 2096 optimi
297 2025 401 2095 quique
415 2026 584 2082 crudiendae
599 2026 779 2097 praesideant
792 2027 941 2094 iuuentuti
960 2028 1087 2083 rhetores
1102 2028 1200 2098 loqui·

178 2116 241 2152 mur
262 2098 292 2152 et
314 2098 513 2168 grammaticos
532 2099 642 2154 Atticae
661 2099 860 2167 Romanaeque
879 2099 1032 2154 doctrinae.
1071 2099 1202 2164 Quorum
1242 2169 1243 2172 Ἴ

180 2168 338 2224 oratoribus
356 2169 460 2239 uiginti
478 2170 611 2237 quattuor
629 2185 802 2225 annonarum
821 2188 836 2224 e
855 2170 922 2225 fisco
941 2171 1133 2225 emolumenta
1147 2171 1199 2225 do·

177 2242 293 2306 nentur,
317 2239 508 2309 grammaticis
531 2241 631 2295 Latino
654 2240 701 2295 uel
719 2241 825 2296 Graeco
848 2241 996 2296 duodecim
1019 2257 1200 2296 annonarum
1241 2265 1242 2276 2

179 2311 326 2366 deducti0r
343 2310 441 2379 paullo
459 2329 589 2366 numerus
608 2329 642 2367 cx
659 2329 736 2367 more
750 2313 922 2381 praestetur3
940 2313 973 2365 ut
987 2311 1105 2382 singulis
1120 2311 1200 2366 urbi·
1240 2365 1241 2381 ,

178 2381 239 2450 bus,
253 2397 325 2450 quac
339 2382 508 2451 metropoles
522 2386 727 2453 nuncupantur,
740 2383 879 2437 nobilium
893 2382 1082 2452 professorum
1092 2382 1199 2439 electio

178 2451 349 2519 celebretur,
375 2469 427 2507 nco
446 2470 512 2508 uero
531 2452 698 2521 iudicemus,
717 2454 838 2509 liberum
856 2457 888 2508 ut
906 2452 944 2508 sit
962 2454 1062 2522 cuique
1082 2454 1198 2510 ciuItati
1239 2453 1240 2485 l

178 2539 243 2578 suos
262 2522 391 2578 doctores
410 2529 439 2579 et
458 2524 606 2592 magistros
624 2524 730 2606 placito
745 2523 799 2579 sibi
813 2525 911 2579 iuuare
925 2524 1100 2594 compendIo.
1129 2524 1198 2581 Tre·
1238 2549 1239 2587 r

178 2593 304 2649 uirorum
322 2595 369 2649 uel
387 2594 557 2650 clarissimae
576 2595 687 2650 ciuitati
706 2595 818 2651 uberius
837 2595 945 2664 aliquid
962 2594 1127 2664 putarimus
1147 2597 1197 2651 de-

177 2664 332 2732 serendum,
351 2666 458 2721 rhetori
476 2671 509 2720 ut
526 2667 652 2737 triginta,
672 2670 741 2721 item
759 2666 863 2736 uiginti
880 2666 1066 2749 grammatico
1082 2667 1198 2736 Latin0,
1237 2639 1238 2691 l

179 2735 285 2791 Graeco
305 2737 400 2805 etiam,
419 2738 444 2791 si
462 2736 511 2807 qui
529 2738 557 2791 di
597 2756 630 2793 us
647 2756 677 2793 re
698 2737 765 2792 eriri
783 2739 921 2808 potuerit,
945 2738 1094 2793 duodecim
1112 2755 1197 2806 prae·
1236 2729 1237 2795 l

177 2808 296 2932 popuppr
314 2823 450 2949 mpppge.
480 2808 543 2863 Dat.
599 2809 659 2864 Kal.
675 2757 736 2863 lim.
766 2807 884 2864 Valente
898 2809 931 2864 V.
948 2810 976 2863 et
989 2806 1196 2864 Valentiniano
1234 2819 1236 2899 p

230 2922 237 2934 .
280 2894 333 2933 oss.
430 2919 436 2932 .

236 2947 275 3018 aa)
295 2947 361 3004 (iod.
384 2949 521 3005 Theodos.
540 2949 592 3004 XV
609 2957 636 3018 1,
656 2956 700 3005 19:
729 2951 838 3020 Imppp.
863 2949 967 3005 Valens
991 2949 1144 3006 Gratianus
1167 2955 1196 3007 et

179 3019 394 3075 Valentinianus
413 3019 489 3074 AAA
512 3021 548 3074 ad
568 3022 710 3076 Senatum.
747 3020 904 3077 Pautalia:
927 3023 1017 3077 Nemo
1035 3021 1195 3090 praelecto-

178 3109 240 3146 rum
266 3091 341 3145 urbis
361 3089 516 3146 aliorumue
534 3090 672 3160 iudicum,
696 3109 766 3161 quos
784 3094 912 3162 potestas
930 3092 959 3146 in
979 3093 1090 3147 excelso
1109 3093 1193 3160 locat,

179 3181 249 3233 opus
272 3160 387 3229 aliquod
411 3179 515 3217 nouum
538 3163 568 3216 in
591 3164 659 3217 urbe
678 3164 769 3218 Roma
789 3164 890 3219 inclita
908 3165 1054 3229 moliatur,
1078 3166 1129 3220 sed
1149 3181 1195 3218 ex-

179 3233 305 3289 colendis
325 3232 466 3288 ueteribus
484 3233 613 3289 intendat
631 3234 765 3288 animum.
794 3235 905 3290 Nouum
925 3251 1036 3304 quoque
1054 3251 1127 3304 opus
1146 3236 1195 3306 qui

178 3305 257 3360 uolet
274 3305 303 3359 in
322 3304 389 3358 urbe
408 3303 515 3371 moliri,
535 3321 586 3359 sua
603 3305 735 3373 pecunia,
754 3305 810 3360 suis
829 3306 960 3375 operibus
979 3305 1119 3374 absoluat,
1138 3324 1193 3362 non

178 3375 330 3432 contractis
348 3375 488 3430 ueteribus
508 3373 712 3446 emolumentis,
731 3392 787 3430 non
801 3374 908 3431 effossis
923 3375 1061 3432 nobilium
1076 3393 1193 3447 operum

179 3446 444 3514 substructionibus,
472 3464 528 3502 non
554 3445 688 3501 rediuiuis
716 3446 751 3501 de
779 3446 893 3516 publico
923 3447 1012 3517 saxis,
1040 3464 1097 3502 non
1121 3467 1192 3504 mar-

178 3533 288 3572 morum
303 3516 397 3572 frustis
408 3517 591 3587 spoliatarum
601 3516 711 3571 aedium
723 3516 927 3573 deformatione
936 3517 1088 3573 conuulsis.
1108 3517 1192 3576 Lecta

178 3586 208 3642 in
227 3590 340 3654 senatu,
366 3587 484 3643 Valente
505 3589 535 3640 V.
557 3590 585 3642 et
604 3587 801 3642 Valentiniano
821 3589 871 3641 ΑΑ
891 3588 967 3644 Coss.
986 3591 1071 3658 (376).
