2534 3954
516 150 756 215 -108-

132 310 273 397 Squama
296 312 356 377 sub
380 316 511 376 aebemo
536 311 711 395 eonspeebu
733 311 821 373 toria
842 306 1004 374 Draconis
1096 345 1102 351 ·

131 400 273 466 Eminet.
312 400 398 466 huna
421 399 507 464 infra
529 398 692 483 fulgentes
715 396 838 462 Arcera
861 401 986 482 septem

130 488 253 574 Magna
275 489 380 573 quatit
403 489 530 553 stellas:
554 509 651 572 quam
674 506 808 552 seruans
832 507 922 551 serus
944 487 981 551 in
1004 486 1079 552 alta

132 575 289 650 conditur
313 577 425 644 oeeani
447 576 521 660 ripa
544 597 617 641 eum
640 576 713 639 luee
736 574 866 644 Bootes.
1119 591 1155 641 20

79 770 173 812 XXVII
188 770 244 819 [879.
259 772 299 814 au
311 770 361 814 ael.
370 779 403 811 vr.

152 823 357 872 Anthdsfflffl]

332 891 394 946 1310
412 891 553 947 VERSVS
572 889 655 946 SINE
675 889 846 946 Avcroaa
865 889 943 945 EST.

212 964 286 1031 Qvo
305 964 367 1018 DIE
388 962 477 1030 QVID
495 961 588 1017 DEMI
606 961 655 1016 DE
675 959 844 1017 CORPORE
864 959 1071 1017 OPORTEAT.

73 1105 80 1118 ·
133 1090 266 1176 Vngues
289 1089 463 1175 Mercurio,
486 1089 623 1155 barbam
645 1087 737 1173 Ioue,
760 1085 898 1174 Cypride
921 1088 1037 1153 crines.

201 1353 203 1358 Ι
416 1280 491 1337 aee
511 1279 565 1336 erc
583 1279 864 1336 aaramarnvm

134 1408 311 1475 Mercurius
334 1409 431 1474 furtis
454 1409 573 1493 probat
595 1427 720 1492 ungues
744 1428 873 1492 semper
896 1410 1009 1472 acutos

178 1499 399 1582 Articulisque
423 1497 525 1562 aciem
547 1518 614 1562 non
637 1496 717 1560 sirii
738 1495 899 1561 imminui.
934 1510 940 1520 '

133 1585 242 1652 Barba
266 1587 353 1669 Ioui,
375 1586 479 1651 crines
503 1584 623 1650 Veneri
646 1584 756 1650 decor:
779 1604 856 1670 ergo
879 1605 1012 1650 neeesse
1037 1591 1105 1670 est,

178 1673 225 1739 Vb
247 1675 355 1740 nolinb
377 1674 477 1753 demi,
499 1695 563 1758 quo
587 1673 652 1739 sibi
674 1677 810 1756 uterque
833 1674 972 1757 placent.

134 1761 266 1828 Mauors
289 1762 455 1828 imberbos
479 1766 512 1827 eb
535 1761 646 1827 caluos
669 1760 763 1827 Luna
787 1761 962 1827 adamasbir
1140 1781 1157 1830 5

178 1850 255 1916 Non
279 1849 454 1935 prohibent
477 1850 562 1916 eomi
584 1854 655 1944 bpm
679 1855 777 1935 eaput
801 1853 898 1934 abque
922 1870 1031 1936 genas.

136 1937 191 2004 sol
215 1944 248 2005 et
272 1938 431 2006 Saturnus
454 1939 503 2004 nil
527 1939 662 2004 obstant
684 1939 862 2024 unguibus:
886 1957 964 2024 ergo

179 2027 256 2094 Non
278 2027 436 2113 placitum
459 2027 543 2092 diuis
566 2028 647 2093 tolle
670 2027 932 2093 monostichium.

206 2219 254 2256 aaa
272 2205 394 2258 17-20
416 2203 503 2258 albai
522 2203 656 2258 carminis
677 2203 833 2272 fraymeata
850 2216 905 2258 esse
923 2205 1006 2256 antea
1028 2204 1157 2272 saepser-

136 2272 219 2326 batar
231 2272 353 2328 Schenkl.
392 2278 425 2328 1‘1
441 2272 569 2344 aeterno]
587 2275 684 2328 arctoo
698 2273 829 2343 Scaliger,
843 2272 970 2328 aetherio
984 2273 1030 2328 uel
1043 2273 1158 2330 alterno

135 2341 280 2408 Haimiae,
298 2345 456 2412 flexiremo
512 2350 544 2399 18
558 2343 633 2398 infra
645 2343 793 2398 Buecheler
806 2343 880 2398 inber
895 2343 921 2397 V
936 2345 1054 2413 propter
1063 2345 1157 2414 Riese,

134 2413 267 2480 fisubber
322 2415 473 2469 lamellas
492 2414 518 2468 V
534 2430 603 2470 corr.
619 2413 720 2470 Oaater
735 2415 740 2485 1
756 2415 867 2470 serbans
892 2414 919 2469 V
970 2420 1006 2469 20
1024 2416 1158 2472 conditor

135 2501 161 2538 ο.
179 2485 255 2555 ripas
275 2502 299 2539 e.
318 2485 336 2540 l.
355 2485 450 2541 bootis
474 2484 501 2539 V
516 2501 584 2540 corr.
602 2485 702 2541 Crater

89 2577 119 2628 V
210 2571 314 2627 XXVII
333 2573 400 2645 quo]
420 2589 530 2643 quoque
549 2573 850 2645 Sealiqer2,31i0be
874 2574 919 2644 71
935 2571 1057 2646 eripride
1081 2573 1121 2629 V¹

140 2642 244 2698 lfurti
267 2643 294 2698 V
309 2660 378 2699 corr.
393 2643 548 2699 Salmasius
602 2645 695 2700 siobi
718 2643 763 2715 71
779 2643 863 2700 erinis
885 2644 913 2699 V
967 2646 1116 2702 4nollent
1134 2646 1163 2701 V

139 2730 208 2770 corr.
231 2714 291 2770 Tell
362 2722 378 2770 ὁ
397 2715 509 2770 Mauors
543 2731 624 2770 auore
642 2717 674 2770 ia
690 2731 746 2772 raa
765 2717 801 2772 al.
820 2733 855 2770 m.
878 2715 926 2785 71
951 2715 1094 2774 imueruos
1119 2717 1158 2773 V¹

138 2784 278 2868 imberbes
301 2783 338 2839 V¹
377 2855 383 2867 Ι
410 2786 507 2854 6proi
528 2788 576 2840 eni
597 2784 645 2857 71
667 2786 752 2841 comi:
772 2791 788 2840 δ
806 2787 856 2841 m.¹
879 2785 915 2842 7Ι
935 2786 939 2858 1
962 2788 1054 2858 adque
1077 2788 1106 2843 V

138 2862 152 2910 7
171 2855 213 2910 ml
238 2855 265 2910 V
287 2855 291 2926 1
317 2857 438 2926 ungrbus
460 2856 488 2911 V
556 2861 572 2910 8
590 2858 808 2912 monasthirium
830 2857 858 2912 V

538 3142 751 3153 —n———a——
