2546 3962
539 181 776 246 -298-

150 341 307 408 Omnibus
330 339 439 405 infuso
462 339 558 405 rebus
582 340 667 425 regit
690 340 800 406 omnio
824 339 971 406 Ohrisio:

150 429 221 507 Quo
235 434 360 495 menies
374 431 464 494 ienei
483 432 579 513 eique
596 432 716 513 mouet,
735 452 799 514 quo
813 433 962 514 tempora
975 435 1096 498 nostru
1123 450 1173 500 125

149 519 194 584 Ei
218 518 290 585 loce
313 518 471 603 disponit:
495 517 580 603 quod
604 519 632 583 si
656 519 820 584 contraria
841 519 928 584 uotis

150 607 340 674 Oonstiiuoi
361 607 477 693 nostri,
500 629 595 691 prece
619 606 834 673 defieciendus
857 607 973 672 inille
997 613 1064 692 est,

150 695 238 773 Quae
261 698 420 762 nolumus.
456 695 533 781 quid
556 717 608 760 me
632 697 786 761 accuses?
810 695 838 760 si
861 695 1012 779 displicet
1036 704 1136 766 acius

150 785 251 861 Quem
275 806 353 871 gero
377 789 493 870 agente
517 784 589 850 deo:
612 784 702 868 prius
726 788 790 868 esi,
813 785 871 849 fiai
893 807 967 850 reus
992 791 1128 872 auctor,

150 871 210 939 Cui
233 875 341 959 placei
364 878 422 939 eut
443 873 584 938 formare
607 895 697 938 meos
722 877 779 938 oui
801 877 927 938 uertere
950 896 1078 942 sensus.
1120 895 1170 942 13ο
1256 913 1257 950 r

148 961 234 1028 Nam
258 985 331 1027 mee
355 963 383 1027 si
406 957 550 1048 reputes,
573 984 657 1047 quae
679 962 832 1048 pristine,
854 983 938 1046 quae
960 963 1023 1028 tibi
1046 970 1147 1045 nota,
1256 985 1257 1050 1

149 1051 272 1136 Sponie
296 1051 424 1116 feiebor
447 1072 520 1115 eum
543 1051 638 1116 modo
663 1072 805 1116 menon
829 1071 914 1133 esse,
937 1051 997 1116 sub
1022 1052 1085 1119 illo

148 1141 306 1225 Tempore
329 1139 385 1226 qui
407 1139 538 1219 fuerim,
563 1163 626 1226 quo
648 1162 715 1205 non
737 1160 910 1225 peruersus
933 1139 1083 1206 habebar

147 1228 192 1293 Ec
214 1250 386 1314 peruersus
410 1250 512 1294 erum:
534 1229 613 1294 falsi
636 1229 777 1314 caligine
801 1249 948 1313 cernens,
1256 1253 1257 1320 1

149 1314 256 1383 Stulta
280 1317 332 1383 dei
356 1319 484 1403 sapiens
508 1321 541 1383 ei
562 1318 679 1382 mortis
702 1317 824 1403 pabula
846 1319 969 1382 uiuens.
1117 1338 1170 1387 133

149 1406 220 1483 Quo
243 1407 348 1493 magis
372 1407 497 1492 ignosci
520 1407 601 1471 mihi
624 1406 688 1490 fas,
711 1407 788 1491 quie
811 1407 992 1491 promptius
1017 1429 1056 1472 ex
1080 1409 1148 1476 hoc

148 1497 293 1582 Agnosci
316 1495 412 1560 datur
435 1518 454 1560 a
478 1517 604 1560 summo
628 1496 775 1579 geniiore
799 1497 927 1579 uoueri,

149 1583 242 1660 Quod
265 1606 332 1649 non
355 1606 445 1649 more
469 1605 540 1648 meo
564 1585 702 1668 geritur:
726 1606 801 1668 non,
825 1585 974 1667 arbitror,
997 1584 1074 1652 istic

148 1670 323 1737 Confessus
347 1672 435 1738 dicar
457 1676 602 1737 mutatae
626 1673 660 1737 in
682 1694 784 1756 praua
807 1673 984 1737 notandum

146 1758 301 1826 Errorem
324 1762 456 1845 mentis,
480 1762 634 1846 quonium
658 1762 719 1826 sim
743 1767 858 1847 sponte
881 1761 1050 1846 professus
1113 1780 1167 1833 140

147 1847 200 1912 Me
223 1870 289 1914 non
313 1855 419 1915 mente
442 1872 515 1915 mee
537 1851 642 1915 uitam
665 1853 808 1915 muiasse
831 1851 981 1935 priorem.

147 1936 242 2003 Mens
255 1959 343 2003 noua
357 1940 412 2023 mi,
426 1939 538 2022 fateor,
553 1959 645 2004 mens
655 1961 721 2004 non
731 1961 816 2003 mee:
830 1961 896 2003 non
907 1961 978 2004 meu
988 1941 1165 2029 quondam,

147 2023 203 2091 set
226 2048 299 2091 mee
320 2049 406 2094 nunc
430 2033 560 2095 auctore
584 2028 658 2114 deo,
682 2029 751 2113 qui,
775 2028 803 2093 si
826 2027 903 2112 quid
924 2029 960 2093 in
983 2032 1059 2094 actu

218 2234 352 2291 1341sui.
372 2241 415 2305 se,
436 2241 469 2291 re

218 2311 268 2362 185
288 2306 392 2362 Paulus
412 2307 448 2362 ad
468 2306 592 2364 Corinth.
612 2307 668 2376 13,
690 2314 722 2363 19

218 2491 270 2541 124
288 2484 395 2542 infusus
418 2484 445 2539 V
459 2483 552 2539 infuso
573 2483 660 2538 PHS
680 2485 753 2556 111133
777 2485 837 2540 VH
858 2483 963 2540 christo
981 2483 1036 2540 Ps
1111 2493 1162 2542 125

145 2555 195 2627 qui
205 2587 239 2598 -
249 2557 299 2628 qui
313 2558 374 2611 VH
389 2573 445 2626 quo
457 2588 490 2596 -
500 2572 555 2625 qno
566 2555 619 2611 PS
634 2560 638 2625 1
655 2556 745 2624 adque
765 2556 791 2610 V
807 2558 839 2612 in
852 2572 939 2626 marp.
958 2557 1031 2610 iuter
1045 2573 1094 2612 uu.
1106 2562 1163 2615 135

145 2669 170 2720 et
187 2669 246 2722 126
263 2665 333 2721 recti
348 2681 393 2734 pr.
413 2669 445 2719 ut
462 2664 520 2723 uid.
541 2663 568 2714 V
640 2668 690 2718 126
714 2662 825 2734 quodsi]
848 2628 941 2734 neinid
960 2663 985 2732 (t
1002 2663 1114 2734 313333)
1139 2665 1165 2718 V

182 2741 232 2792 127
246 2736 337 2791 nostri
351 2736 404 2791 PS
421 2735 523 2790 nostris
543 2734 619 2801 VH!
635 2733 756 2804 precede
773 2733 928 2789 flectendus
942 2736 973 2787 H
1026 2739 1080 2791 128
1098 2753 1163 2791 mes

146 2823 244 2862 causus
263 2810 294 2861 H
311 2811 316 2876 1
335 2809 429 2862 tactus
449 2806 478 2861 P
532 2812 582 2860 123
600 2805 651 2861 fiat
674 2805 734 2859 VH
754 2804 797 2859 uti
814 2805 866 2859 fici
884 2804 912 2859 P
928 2803 953 2858 si
970 2803 1054 2861 fosS
1111 2813 1161 2864 130
1256 2803 1257 2820 ’

144 2877 264 2935 formari
285 2895 332 2935 eos
351 2879 382 2931 H
404 2881 408 2948 1
434 2877 543 2948 sensus]
563 2892 658 2931 seruus
677 2876 705 2931 P
763 2881 813 2932 131
833 2877 948 2945 reputes
969 2875 998 2929 P
1056 2883 1109 2932 132
1128 2895 1160 2933 eo

144 2948 228 3005 modo
246 2965 282 3004 ne
298 2948 345 3019 ΡΙ
361 2965 448 3019 supra
466 2949 620 3004 coleuuuom
637 2949 674 3003 ol.
689 2948 774 3014 1119119
791 2948 921 3016 repetiuit
939 2945 967 2999 V
1020 2952 1071 3002 133
1091 2950 1159 3021 quc]

144 3019 193 3091 qui
217 3020 244 3075 V
314 3026 366 3074 134
384 3019 549 3144 peruersusg
569 3035 666 3088 persus
686 3021 717 3073 H
781 3023 833 3074 133
852 3017 939 3073 stulte
963 3018 988 3087 (ε
1001 3034 1056 3087 pro
1071 3036 1104 3074 e:
1124 3038 1160 3074 au
1256 3037 1257 3042 ¹

145 3091 263 3160 11111133)
283 3090 423 3161 desipiens
447 3091 500 3158 Vl
549 3089 587 3162 ei]
607 3090 672 3144 dum
693 3090 721 3143 P
793 3095 843 3144 136
863 3106 913 3144 om.
935 3088 990 3158 Ρ1
1018 3089 1086 3144 mici
1107 3090 1156 3162 71
1256 3105 1257 3164 1

144 3197 209 3268 qu¹u
232 3197 259 3256 V
276 3199 281 3269 1
301 3197 457 3271 propmiius
476 3162 545 3253 eiioc
568 3196 596 3250 V
666 3201 717 3252 138
735 3202 869 3252 mofflmeo
892 3196 938 3266 Vl
960 3194 1021 3250 istis
1040 3198 1125 3267 culpo

146 3309 196 3359 133
215 3303 293 3360 dicei
311 3305 357 3375 Ρ1
372 3280 483 3358 munci
505 3303 531 3356 P
548 3303 657 3358 mutate
676 3306 706 3357 H
709 3304 730 3358 S
746 3302 750 3372 1
766 3302 856 3374 praba
879 3301 916 3386 V¹
932 3301 937 3374 1
952 3304 1120 3414 mutandum
1139 3303 1159 3358 S

252 3376 298 3431 n
316 3375 592 3501 1333Π
606 3373 819 3513 cucur
839 3372 983 3516 131
996 3373 1052 3514 u
1069 3375 1158 3514 111

144 3531 265 3600 Slquit
284 3535 328 3601 V!
349 3534 380 3588 iu
397 3512 531 3624 morpg
553 3532 580 3586 V

143 3461 207 3499 mea
224 3447 342 3501 iteratur
