2466 3958
492 245 705 292 —XI-

90 391 119 454 is
143 387 236 470 ordo,
260 387 300 451 ad
323 409 419 471 quem
436 385 617 452 Vossianus
640 389 793 473 pertinet,
814 389 975 454 iacturam
998 389 1103 453 multo

91 476 336 580 grauissimam,
366 496 448 561 quae
478 497 576 560 quam
608 475 759 542 habuerit
789 499 921 542 causam
951 497 1104 562 quaerere

90 567 158 631 iam
187 565 346 650 cogimur;
375 563 577 629 desideratur
605 565 692 630 enim
719 565 755 630 in
780 565 943 632 Vossiano
966 566 1105 631 Mosella

90 677 165 720 cum
200 652 386 737 Symmachi
422 653 573 736 epistula.
626 653 785 719 falluntur
821 658 930 720 autem
964 656 1020 740 qui
1052 656 1104 720 uel

89 742 262 807 Mosellam
284 741 338 804 uel
361 741 537 806 Theodosii
560 743 645 826 epist
630 743 772 807 tulam'
761 766 796 808 m
823 743 988 828 prioribus
1012 749 1103 829 quat·

89 835 168 897 tuor
189 829 343 895 Vossiani
367 830 441 893 libri
465 831 730 915 quaternionibus
754 829 845 916 (nam
868 853 889 896 a
911 833 1025 918 quinto
1047 833 1104 897 ille

89 921 174 985 liber
200 939 287 984 nunc
315 919 481 984 exordium
509 916 610 1005 capit)
638 919 739 985 fuisso
765 925 892 1004 putant
920 923 1027 986 cuius
1054 922 1104 986 in-

89 1009 227 1093 scriptio
254 1007 401 1092 „Abhinc
429 1007 565 1072 Ausonii
598 1009 774 1093 opuscula“
804 1010 838 1074 id
869 1011 977 1094 ipsum
1005 1010 1103 1095 signi-

88 1097 168 1162 ficat
204 1097 287 1161 alius
324 1095 491 1161 cuiusdam
533 1098 677 1162 auctoris
717 1099 934 1181 praecessisse
974 1099 1103 1164 librum.

86 1187 189 1251 immo
212 1185 412 1268 descriptum
435 1185 624 1270 putabimus
647 1185 844 1252 Vossianum
867 1209 907 1252 ex
929 1188 1103 1269 uolumine,

89 1275 176 1360 quod
199 1274 352 1340 uoniam
375 1274 491 1338 habuit
512 1273 690 1340 Mosellam.

155 1361 221 1428 Hic
238 1363 417 1428 offeruntur
439 1362 502 1426 duo
525 1385 609 1447 quae
625 1363 769 1428 nondum
787 1365 958 1450 attigimus
983 1365 1102 1449 prioris

87 1451 215 1518 ordinis
225 1472 353 1537 genera,
366 1473 504 1536 quorum
514 1473 596 1536 quae
606 1453 651 1516 sit
659 1452 759 1536 origo,
773 1474 856 1536 quae
865 1454 950 1518 ratio
960 1452 1103 1517 dubitari

86 1545 207 1627 potest
223 1539 800 1624 altemmenimllxcerptorumex
809 1541 975 1607 Ausonii
989 1563 1101 1626 opus-

88 1631 190 1696 culis
207 1629 341 1694 titulum
359 1628 445 1714 quod
463 1628 573 1712 babet,
591 1630 738 1712 alterum,
756 1631 846 1694 cuius
859 1632 1002 1715 optimus
1016 1651 1101 1696 nunc

87 1720 183 1784 testis
203 1723 254 1782 est
271 1716 473 1782 Parisinus
492 1718 609 1800 liber,
634 1718 711 1802 quia
730 1740 809 1783 sane
829 1719 865 1782 in
882 1739 921 1783 ιο
940 1719 1044 1784 multa
1063 1741 1101 1783 ex

87 1808 223 1893 optimis
242 1807 380 1872 Ausonii
397 1806 563 1889 opusculis
580 1807 702 1884 insunt,
720 1807 938 1872 conlectiones
959 1829 1029 1872 esse
1047 1807 1101 1872 uia

88 1918 125 1961 ac
144 1896 271 1960 ratione
290 1894 478 1978 conpositae
496 1916 563 1960 non
579 1895 704 1959 nemini
722 1896 825 1960 uideri
845 1896 974 1980 possint
995 1897 1101 1980 primo

87 1987 215 2056 obtutu.
247 2005 360 2048 uerum
374 1984 539 2048 enimuero
550 1983 687 2048 Mosella
700 1985 777 2069 quia
795 1984 895 2068 deest,
913 2005 996 2068 quae
1011 1983 1102 2049 Pari-

87 2075 179 2138 sinus
198 2072 343 2138 oontinet
365 2072 413 2136 ita
434 2072 542 2157 possis
560 2073 794 2138 conlectionem
817 2073 984 2158 discipulis
1005 2073 1100 2138 desti·

87 2167 203 2228 natam
231 2161 349 2242 dicere,
375 2164 414 2224 ut
440 2183 480 2225 ex
507 2161 671 2245 opusculis
697 2183 765 2226 non
792 2161 858 2225 iam
885 2163 1022 2246 integris
1049 2161 1101 2246 (ut

87 2251 218 2316 suntin
235 2247 414 2350 Vossiano)
436 2249 541 2314 electa
562 2249 665 2328 dicas,
688 2271 883 2334 quamquam
903 2253 938 2314 et
960 2250 1025 2314 alia
1048 2249 1102 2315 de-

87 2344 172 2422 sunt,
195 2360 278 2423 quae
297 2359 370 2404 eum
388 2338 424 2420 in
441 2360 536 2402 usum
556 2359 653 2422 aegro
670 2339 847 2403 desideres:
870 2337 1010 2404 Mosella
1027 2360 1101 2403 cum

86 2428 261 2494 coniuncta
282 2411 497 2491 inueniatur'
486 2449 522 2490 nr
544 2424 574 2490 S
594 2426 740 2492 Gallensi
763 2432 796 2492 et
815 2426 1019 2492 Bruxellensi
1040 2424 1101 2512 (al-

84 2517 189 2582 terius
221 2516 350 2617 generis
382 2515 514 2598 optimis
545 2512 699 2601 testibus)
731 2537 805 2581 cnm
841 2516 964 2602 eclogis
996 2516 1100 2580 multo

84 2604 337 2688 inferioribus,
326 2625 428 2669 immo
450 2603 555 2668 infimi
577 2604 714 2688 generis,
736 2626 833 2689 quem
851 2605 1002 2690 selegisse
1019 2604 1100 2670 haec

84 2693 292 2759 mediocriter
318 2713 433 2756 sanum
462 2697 497 2756 ιι
524 2693 559 2757 in
586 2715 687 2776 unum
715 2693 922 2758 coniunxisse
951 2697 1020 2758 tam
1052 2693 1100 2757 di-

84 2805 183 2848 uersa
205 2782 268 2845 tibi
293 2780 510 2865 persuadeas?
555 2802 617 2866 ego
644 2803 684 2845 ex
710 2782 924 2847 laceratorum
951 2780 1100 2846 codicum

84 2870 246 2954 relliquiis
268 2873 382 2934 natam
405 2891 521 2934 censeo
539 2874 574 2933 et
591 2870 676 2934 hanc
693 2875 727 2934 et
749 2871 839 2934 illam
857 2871 1100 2953 conlectionem,

84 2961 187 3024 immo
206 2955 307 3044 (quod
324 2959 466 3043 probare
488 2958 597 3022 studui
614 2957 744 3024 Ueberl
762 2980 793 3043 p.
812 2957 893 3046 313)
915 2959 1011 3024 unius
1028 2981 1099 3023 esse

85 3052 259 3130 utramque
286 3047 413 3131 antiqui
439 3045 558 3112 codicis
585 3049 727 3123 λείψανα
758 3069 831 3112 cum
858 3047 1022 3113 Vossiana
1051 3046 1099 3111 fa·

85 3137 180 3201 milia
202 3136 335 3220 cognati
357 3133 501 3219 quidem,
528 3134 585 3199 sed
613 3135 654 3199 ad
681 3133 891 3220 archetypum
915 3137 971 3220 qui
994 3137 1099 3202 multo

85 3225 221 3309 propius
253 3223 419 3289 accederet
449 3228 596 3308 tempore
627 3227 835 3309 seruaretque
861 3225 917 3308 qui
943 3229 1021 3310 post
1043 3225 1098 3288 ab·

85 3317 199 3398 reptus
236 3317 287 3377 est
316 3311 498 3377 Mosellam
547 3312 624 3377 hinc
655 3313 880 3395 explicandum
912 3315 977 3378 erit
1012 3313 1098 3396 quod

86 3401 264 3467 Theodosii
291 3401 466 3485 epistulam
489 3400 590 3466 babet
612 3400 794 3484 Parisinus,
821 3422 904 3485 quae
931 3401 1099 3466 intercidit

85 3491 120 3554 in
147 3489 325 3573 Vossiano,
354 3489 432 3554 hinc
463 3489 549 3575 quod
576 3489 740 3572 Excerpta
772 3491 875 3575 epigr.
900 3490 946 3555 25
968 3487 1020 3575 (9)
1049 3491 1098 3554 in·

85 3583 214 3665 tegrum
237 3579 384 3664 tradunt,
406 3583 532 3643 utnon
555 3579 660 3644 dicam
682 3579 791 3662 ipsum
813 3578 984 3644 Mosellam
1006 3576 1098 3663 Sym·
