2540 3962
487 206 530 215 -
577 168 729 234 222-

102 333 259 394 sustenta.
306 328 392 412 quod
414 328 442 392 si
464 327 641 392 iactantiae
663 326 764 410 fugax
788 326 956 410 garrulum
978 327 1117 391 indicem

101 417 313 501 pertimescis,
338 419 471 500 praesta
494 417 594 481 etiam
617 419 654 481 tu
678 415 844 480 silentium
866 415 962 499 mihi,
984 419 1022 480 ut
1043 417 1116 482 tuto

102 506 251 570 simulem
273 510 386 570 nostra
410 527 493 590 esse,
517 526 599 589 quae
623 504 800 587 scripseris.
836 503 920 568 uale.

47 664 72 703 Π
87 664 134 712 [407
144 663 186 710 Ep.
197 675 262 704 xvrr:

73 716 230 821 ἓζῗξθζξέ]
401 729 584 786 AVSONIVS
604 727 816 786 SYMMACHO.

73 875 80 890 ·
190 857 286 925 Modo
306 859 470 944 intellego,
491 879 589 940 quam
608 857 725 923 mellea
743 878 795 923 res
815 857 859 920 sit
877 857 995 937 orati03
1018 879 1117 942 quam

101 947 261 1013 delinifica
288 951 321 1012 et
347 969 444 1031 quam
472 946 573 1011 suada
600 946 761 1011 facundia.
806 946 998 1031 persuasisti
1024 946 1117 1032 mihi,

102 1036 188 1120 quod
215 1037 372 1120 epistulae
400 1056 490 1100 meac
517 1038 597 1119 aput
619 1032 766 1119 Capuam
788 1034 851 1099 tibi
872 1033 1017 1099 redditae
1041 1057 1114 1100 cou-

102 1125 246 1190 oinnatio
278 1125 456 1190 inhumana
487 1146 553 1188 non
586 1128 684 1209 esset;
716 1127 766 1189 set
797 1123 861 1188 hoc
890 1145 956 1188 non
984 1122 1116 1202 diutius,

66 1231 199 1297 squam
227 1214 303 1278 dum
331 1213 503 1296 epistulam
531 1216 620 1277 tuam
647 1213 727 1296 legi,
760 1233 842 1297 quae
869 1233 921 1276 me
949 1210 1116 1276 blanditiis

101 1300 282 1366 inhiantem
309 1303 376 1367 tuis
403 1302 494 1366 uelut
522 1323 598 1366 suco
624 1301 765 1366 nectaris
794 1301 939 1366 delibuta
960 1301 1116 1385 perducit

101 1389 158 1454 ubi
181 1391 266 1455 enim
290 1391 472 1455 chartulam
492 1411 578 1473 pono
598 1393 631 1454 et
648 1411 699 1454 me
718 1391 826 1473 ipsum
844 1389 1021 1474 interrogo,
1044 1393 1116 1454 tum

102 1478 304 1544 absinthium
333 1501 442 1544 meum
464 1479 579 1562 resipit
602 1482 635 1542 et
657 1478 839 1544 circumlita
861 1478 956 1543 melle
980 1483 1036 1542 tuo
1060 1500 1116 1561 po-

102 1568 176 1632 cula
198 1568 410 1651 deprehendo.
447 1569 474 1632 si
492 1589 580 1652 uero,
603 1567 636 1631 id
656 1567 740 1651 quod
760 1588 855 1651 saepe
874 1566 968 1651 facio,
991 1567 1032 1631 ad
1051 1567 1117 1650 epi-

49 1673 82 1722 10
103 1656 224 1721 atulam
247 1662 338 1721 tuam
359 1657 450 1740 redii,
472 1677 585 1721 rursus
603 1655 746 1720 inlicior:
770 1660 803 1721 et
821 1678 950 1720 rursum
968 1655 1025 1719 ille
1043 1677 1117 1719 sua-

102 1745 269 1824 uissimus,
296 1745 352 1809 ille
379 1745 513 1810 floridus
542 1745 592 1808 tui
619 1745 777 1810 sermonis
806 1744 945 1808 adflatus
969 1744 1118 1827 deposita

102 1832 242 1898 lectione
265 1835 412 1898 uanescit
434 1837 467 1898 et
490 1833 671 1898 testimonii
693 1833 822 1918 pondus
840 1833 993 1916 prohibet
1010 1835 1117 1897 inesse

102 1920 273 1986 dulcedini.
318 1921 381 1987 hoc
412 1943 463 1986 me
495 1921 586 1986 uelut
618 1922 724 1986 aerius
757 1922 904 1987 bratteae
936 1920 1028 1985 fucus
1061 1925 1118 1984 aut

102 2009 192 2092 picta
209 2010 329 2076 nebula
346 2032 414 2077 non
436 2011 576 2094 longius,
599 2032 697 2094 quam
719 2011 794 2076 dum
813 2010 951 2094 uidetur,
974 2010 1117 2076 oblectat

174 2219 200 2273 Π
222 2226 238 2274 2
259 2219 420 2289 Symmachi
439 2236 481 2290 ep.
500 2221 540 2274 111
559 2226 575 2275 6
594 2224 630 2291 (a.
649 2225 703 2276 380
721 2219 855 2291 Iuliana:
879 2237 914 2275 ne
935 2221 986 2274 tua
1003 2219 1118 2287 quidem

104 2291 250 2346 delenifica
267 2293 297 2346 et
315 2291 402 2345 suada
418 2290 559 2346 facundia.
1113 2319 1116 2324 Δ

175 2474 209 2524 36
228 2469 350 2524 iudicem
368 2469 399 2522 D
470 2474 504 2523 37
523 2468 705 2537 pertimesces
723 2469 752 2525 R
772 2474 776 2537 Ι
796 2467 896 2540 etiam]
914 2470 944 2524 et
963 2468 1010 2534 ΡΙ
1030 2467 1118 2523 selen-

102 2539 174 2594 tium
198 2538 234 2594 V¹
251 2545 255 2608 1
271 2539 338 2596 mici
362 2539 389 2593 V
457 2544 491 2594 38
511 2539 631 2594 similem
649 2540 678 2596 R
694 2544 697 2608 Ι
713 2541 777 2594 uale
796 2557 883 2595 onae
1154 2573 1157 2580 ·

1 2630 92 2695 mo
175 2631 201 2683 ΙΙ
215 2629 370 2715 Responsio
384 2628 502 2685 Ausonii
517 2627 553 2682 ad
568 2626 767 2698 Symmachum
777 2649 802 2699 ip
814 2629 842 2683 P
854 2645 904 2684 om.
920 2629 947 2683 V
960 2632 964 2696 Ι
979 2628 1119 2683 Ausonius

103 2717 557 2860 cireceastria
569 2717 793 2859 1111111-
804 2718 848 2856 a
864 2716 1121 2857 ...araas

106 2860 150 2928 Vl
166 2860 232 2914 mici
252 2859 279 2913 V
317 2885 319 2890 ¹
347 2861 504 2942 appistolp
523 2862 562 2935 (lp
580 2879 614 2944 aa
631 2859 659 2915 le
677 2861 725 2930 al.)
744 2859 771 2913 V
787 2859 907 2929 epistole
925 2860 969 2926 Pl
985 2873 1048 2932 mae
1067 2858 1116 2924 Vl

103 2931 185 3002 aput]
209 2929 254 2997 Vl
276 2931 387 2989 reddita
405 2931 450 2999 ΡΙ
472 2933 629 2987 concinatro
650 2932 689 2985 Ρ1
760 2931 919 2986 thumana
943 2929 992 2997 Vl
1017 2929 1072 3002 set]
1095 2927 1121 2984 V

140 3009 156 3058 5
179 3000 331 3072 epistolam
353 3003 432 3056 tuam
454 3002 484 3056 P
505 3004 638 3078 (epistola
659 3003 710 3056 tua
731 3001 777 3072 Vl)
808 3005 812 3069 Ι
840 3001 898 3072 me]
922 3018 968 3074 mo
994 3000 1030 3055 V¹
1102 3007 1118 3056 6

105 3077 209 3168 Ψ
232 3109 260 3163 r
329 3108 424 3178 rubi]
443 3109 532 3165 tissa
556 3115 560 3178 l
585 3109 660 3164 enim
682 3107 709 3163 V
723 3109 760 3163 ns
779 3108 808 3161 Ρ
824 3124 927 3163 ueros
951 3111 955 3176 ι
980 3109 1119 3163 osanam

103 3199 139 3238 o.
164 3199 186 3236 o.
211 3181 238 3235 V
260 3179 397 3234 cartulam
422 3181 450 3234 P
520 3186 537 3235 8
560 3181 713 3236 absintium
736 3180 764 3234 V
788 3175 986 3249 absc'ynthinm
1004 3178 1033 3232 P
1102 3185 1118 3233 9

104 3253 172 3322 depr
190 3253 261 3307 endo
281 3255 308 3324 (p
326 3252 480 3322 inecorr.)
498 3251 541 3320 Vl
558 3251 622 3309 (lsi
638 3251 767 3318 Plbcro
787 3249 823 3304 V¹
840 3253 844 3318 l
860 3251 889 3304 id
904 3249 1013 3317 onaPl
1030 3250 1118 3322 quod]

104 3271 215 3394 quodlq'
231 3323 275 3390 ΡΙ
291 3323 441 3394 epistolam
461 3325 487 3448 V
505 3325 570 3377 iae
592 3325 673 3392 corr.)
692 3322 719 3376 V
789 3326 823 3376 10
842 3320 953 3376 inlicior
970 3323 1013 3388 (ia
1030 3339 1118 3391 marp.

104 3395 139 3447 ol.
158 3393 270 3449 inlicior
312 3394 441 3464 suadeor)
501 3393 604 3448 illicior
618 3394 646 3448 P
666 3392 698 3446 in
715 3393 780 3448 licio
799 3395 952 3447 retrorsum
968 3392 997 3447 R
1014 3393 1118 3448 illicior

102 3465 254 3518 retrorsum
318 3465 530 3532 {arabissimus
545 3464 573 3518 V
632 3470 664 3518 11
684 3464 796 3519 afflatus
817 3465 845 3519 P
899 3468 931 3518 12
950 3464 1064 3534 proibet
1082 3465 1119 3518 V¹

141 3539 173 3588 13
194 3536 303 3590 brattea
323 3536 349 3590 V
370 3537 482 3591 bractea
498 3537 526 3590 P
546 3537 662 3591 bractea
681 3554 697 3590 σ
769 3542 804 3590 14
821 3535 945 3591 nondum
963 3535 1076 3607 longius
1092 3537 1121 3594 R

800 3842 945 3933 Q„
