2546 3962
495 209 733 275 -374-

108 371 245 434 uulnera
283 369 464 435 sauciorum
502 373 551 454 et,
587 373 624 433 ut
661 369 859 456 salutiferae
885 370 1127 455 adponerentur

10 475 90 515 <xxv
109 459 267 524 medellae
290 463 386 543 atque
409 462 536 524 utnon
559 462 747 544 cessaretur,
771 459 902 524 instare.
938 459 1004 524 uidi
1028 481 1125 545 quos·

109 547 185 612 dem
217 547 421 613 fastidientes
454 547 562 612 cibum
593 550 627 612 te
659 548 905 614 commendante
937 549 1126 632 sumpsisse.
1140 568 1181 609 500

109 637 217 701 audiui
241 636 468 716 confirmantia
493 636 533 701 ad
557 637 695 702 salntem
713 636 814 703 uerba
836 637 992 722 praefari,
1016 658 1126 703 occur-

107 747 178 790 rere
195 725 365 790 desideriis
385 726 601 810 singulorum:
620 726 715 790 huius
736 726 880 791 sarcinas
897 727 994 791 mulis
1010 727 1125 792 aulicis

106 814 238 895 uehere,
261 815 312 880 his
333 814 487 898 specialia
505 815 650 879 iumenta
668 815 836 898 praebere,
858 815 924 880 illis
941 815 1125 880 ministeria

107 905 310 988 perditorum
333 904 517 969 instaurare
537 903 693 986 lixarum,
717 904 854 969 aliorum
874 908 1053 988 egestatem
1072 907 1125 970 to-

107 993 209 1062 lerare
228 995 373 1077 sumptu,
395 991 512 1056 horum
530 992 713 1057 nuditatem
732 993 842 1058 uelare
861 993 995 1075 uestitu,
1015 995 1125 1058 omnia
1139 1012 1181 1054 505

108 1101 203 1166 agere
234 1080 394 1146 indefesse
427 1083 459 1144 et
490 1080 644 1166 benigne,
675 1081 797 1165 pietate
826 1081 980 1166 maxima,
1015 1085 1124 1147 osten-

107 1169 232 1236 tatione
251 1171 353 1253 nulla,
377 1169 487 1235 omnia
504 1171 658 1254 praebere
678 1170 798 1255 aegris,
821 1169 906 1235 nihil
926 1171 1124 1254 exprobrare

56 1275 89 1323 00
109 1259 242 1323 sanatis.
284 1258 359 1323 inde
387 1258 509 1324 cunetis
539 1260 642 1323 salute
664 1262 778 1323 nostra
801 1259 906 1326 carior
928 1259 1033 1325 faetus
1056 1282 1124 1324 me-

105 1347 215 1431 ruisti,
234 1351 271 1412 ut
289 1347 425 1412 haberes
446 1347 567 1413 amieos
587 1347 755 1432 obnoxios,
773 1353 956 1434 promptos,
978 1347 1124 1434 deuotos,

105 1435 227 1518 fideles,
257 1437 292 1501 in
315 1457 432 1502 aeuum
456 1457 550 1502 omne
572 1458 759 1522 mansuros,
788 1437 901 1521 quales
925 1439 1042 1503 caritas
1065 1459 1123 1522 po·
1139 1457 1183 1498 540
1262 1479 1263 1502 r

106 1525 172 1590 tius
197 1547 294 1610 quam
318 1525 450 1591 fortuna
474 1525 633 1590 conciliat.

55 1628 86 1677 ⁷9
173 1613 296 1680 XVIII.
330 1611 529 1679 Concludam
552 1614 702 1699 deinceps
727 1615 909 1680 orationem
935 1637 1054 1698 meam,
1077 1616 1125 1700 pi-

106 1702 217 1770 issime
240 1703 402 1788 Auguste,
431 1703 589 1769 sermonis
621 1703 725 1789 magis
753 1703 831 1787 fine,
862 1726 959 1788 quam
987 1704 1125 1788 gratiae.

105 1813 245 1877 namque
276 1792 333 1856 illa
361 1795 475 1894 perpet
476 1814 518 1857 ua
546 1795 596 1856 est
619 1797 652 1856 05
675 1791 781 1877 spatio
805 1813 874 1858 non
895 1793 1124 1858 transmeabili

106 1882 281 1946 terminum
301 1881 427 1946 ealcis'
417 1885 557 1966 rgnoret
533 1881 677 1946 tfiexu
700 1883 810 1946 tamen
832 1903 943 1985 paruo,
965 1903 1025 1947 nec
1048 1904 1068 1946 a
1090 1885 1123 1946 te
1139 1901 1181 1942 505

10 1966 231 2073 ζΧ59Ἰο0000005,
255 1973 426 2036 conuertar
450 1969 489 2035 ad
514 1969 619 2036 deum.
665 1975 793 2034 aeterne
817 1971 962 2050 omnium
983 1971 1124 2074 genitor,

106 2058 182 2160 ipse
208 2080 276 2125 non
309 2059 431 2143 genite,
464 2058 573 2142 opifex
606 2063 639 2125 et
671 2080 768 2124 causa
800 2058 930 2144 mundi,
962 2059 1124 2145 principio

107 2135 270 2232 t1qu10r
277 2198 286 2230 ,
317 2148 382 2212 fine
415 2147 486 2213 diut
471 2148 613 2240 turnior,
647 2148 702 2232 qui
735 2148 905 2232 templat
891 2148 952 2213 tibi
985 2151 1018 2212 et
1049 2171 1124 2213 aras

54 2291 56 2297 .
105 2240 204 2386 ponet
190 2236 365 2302 trabilibus
383 2236 493 2302 50055505
479 2229 585 2302 torum
605 2199 770 2301 inentibus
790 2237 972 2320 condidisti,
991 2240 1027 2302 tu
1044 2235 1125 2302 Gra·

106 2324 196 2391 tiano
211 2325 427 2391 humanarum
442 2348 548 2390 rernm
560 2326 690 2391 domino
706 2324 864 2391 eiusmodi
879 2327 1003 2392 semina
1015 2327 1122 2391 nostri
1138 2347 1179 2389 550

107 2414 226 2478 amoris
259 2415 390 2479 inolest
366 2418 475 2498 t1,u
438 2414 628 2480 utnihil'
618 2437 652 2479 ιιι
681 2413 830 2498 digressu
859 2415 988 2499 segnior
1015 2415 1123 2480 factus

106 2503 307 2569 meminisset
338 2506 370 2566 et
398 2503 517 2586 relicti,
549 2503 730 2568 illustraret
760 2504 876 2569 absent
861 2507 942 2588 tem,
973 2526 1124 2589 praesen·

105 2589 193 2656 tibus
222 2592 396 2657 anteferre
383 2596 410 2677 3
439 2592 553 2657 deinde
582 2591 659 2676 quia
685 2591 841 2656 interesse
863 2592 1052 2676 primordiis
1076 2593 1124 2657 di-

106 2679 242 2762 gnitatis
270 2702 330 2764 per
355 2682 500 2748 locorum
528 2681 701 2746 interualla
728 2702 795 2746 non
823 2684 967 2765 poterat,
995 2681 1036 2746 ad
1060 2683 1124 2746 sol-

177 2875 228 2926 547
247 2870 350 2926 Paulus
369 2872 405 2926 ad
425 2871 549 2928 Corinth.
569 2873 626 2942 13,
648 2878 680 2928 16

178 3054 230 3106 538
253 3065 354 3119 appon.
374 3047 402 3102 Z
470 3053 521 3103 529
545 3049 682 3104 medellae
708 3048 774 3103 ΤΜ
843 3055 893 3104 531
917 3048 1041 3118 praefari
1062 3049 1129 3103 TM

105 3121 267 3191 proferiti!
283 3121 445 3175 occurrente
457 3120 494 3173 M
547 3125 600 3175 534
618 3121 749 3176 tollerare
760 3120 798 3173 M
850 3125 902 3175 537
922 3119 1128 3190 exprobrares

142 3197 194 3247 533
212 3192 304 3268 patos
324 3192 363 3246 M
433 3196 493 3274 540,
504 3191 627 3246 charitas
649 3192 674 3245 Τ
695 3191 801 3246 karitas
819 3192 837 3258 f

177 3297 271 3353 XVIII
299 3304 350 3353 543
374 3275 506 3353 000000000ιοΙ
522 3299 548 3352 Τ
617 3303 671 3353 544
694 3313 750 3352 nan
771 3315 806 3352 ue
828 3297 854 3351 Τ
923 3302 975 3352 543
995 3295 1124 3352 Ollterne

107 3369 141 3440 (O
160 3372 246 3425 minio
265 3370 371 3440 scr.)T
431 3374 482 3424 543
501 3368 722 3439 penetrabilibus
744 3315 789 3436 Ilf
802 3368 995 3438 penetralibus
1016 3367 1125 3422 M?·in

106 3457 170 3510 p.en
190 3439 306 3497 Schenkl
377 3445 430 3496 550
448 3442 596 3496 humarum
618 3441 643 3494 Τ
715 3444 765 3494 551
786 3439 898 3494 molesti
917 3439 954 3494 M
1023 3442 1075 3493 553
1096 3440 1126 3494 05

110 3513 165 3570 Te
182 3530 233 3569 0000.
253 3514 291 3567 M
344 3517 396 3568 553
415 3511 480 3568 dein
501 3512 527 3567 T
543 3511 608 3567 dein
626 3511 696 3566 ’ΜΘ
716 3510 752 3581 1·
743 3511 851 3565 00050ιό0
871 3511 906 3564 M
960 3515 1012 3565 554
1031 3508 1126 3565 solen-

106 3584 226 3640 nitatem
248 3583 293 3652 Tf
312 3583 521 3639 solemnitatem
541 3582 579 3648 M
