<?xml version="1.0" encoding="UTF-8"?>
<!DOCTYPE html PUBLIC "-//W3C//DTD XHTML 1.0 Transitional//EN"
    "http://www.w3.org/TR/xhtml1/DTD/xhtml1-transitional.dtd">
<html xmlns="http://www.w3.org/1999/xhtml" xml:lang="en" lang="en">
 <head>
  <title>
</title>
<meta http-equiv="Content-Type" content="text/html;charset=utf-8" />
  <meta name='ocr-system' content='tesseract 3.04.00' />
  <meta name='ocr-capabilities' content='ocr_page ocr_carea ocr_par ocr_line ocrx_word'/>
</head>
<body>
  <div class='ocr_page' id='page_1' title='image "./decimimagniavso01ausogoog_0297.png"; bbox 0 0 2534 3954; ppageno 0'>
   <div class='ocr_carea' id='block_1_1' title="bbox 530 181 772 247">
    <p class='ocr_par' dir='ltr' id='par_1_1' title="bbox 530 181 772 247">
     <span class='ocr_line' id='line_1_1' title="bbox 530 181 772 247; baseline 0.004 -1"><span class='ocrx_word' id='word_1_1' title='bbox 530 181 772 247; x_wconf 83' lang='lat'>-160-</span> 
     </span>
    </p>
   </div>
   <div class='ocr_carea' id='block_1_2' title="bbox 108 341 1220 519">
    <p class='ocr_par' dir='ltr' id='par_1_2' title="bbox 108 341 1220 519">
     <span class='ocr_line' id='line_1_2' title="bbox 149 341 1220 427; baseline 0.004 -21"><span class='ocrx_word' id='word_1_2' title='bbox 149 341 254 419; x_wconf 83' lang='lat' dir='ltr'><strong>Quam</strong></span> <span class='ocrx_word' id='word_1_3' title='bbox 277 345 374 407; x_wconf 89' lang='lat' dir='ltr'><strong>tenue</strong></span> <span class='ocrx_word' id='word_1_4' title='bbox 398 346 431 407; x_wconf 93' lang='lat' dir='ltr'><strong>et</strong></span> <span class='ocrx_word' id='word_1_5' title='bbox 454 343 573 407; x_wconf 89' lang='lat' dir='ltr'><strong>molem</strong></span> <span class='ocrx_word' id='word_1_6' title='bbox 597 345 752 426; x_wconf 88' lang='lat' dir='ltr'><strong>quantam</strong></span> <span class='ocrx_word' id='word_1_7' title='bbox 775 342 839 406; x_wconf 86' lang='lat' dir='ltr'><strong>fert</strong></span> <span class='ocrx_word' id='word_1_8' title='bbox 858 363 1044 427; x_wconf 81' lang='lat' dir='ltr'>corpoream</span> <span class='ocrx_word' id='word_1_9' title='bbox 1078 349 1220 412; x_wconf 77' lang='lat' dir='ltr'><strong>crustae</strong></span> 
     </span>
     <span class='ocr_line' id='line_1_3' title="bbox 108 430 1166 519; baseline 0.007 -25"><span class='ocrx_word' id='word_1_10' title='bbox 108 449 134 488; x_wconf 85' lang='lat'><strong>1⁰</strong></span> <span class='ocrx_word' id='word_1_11' title='bbox 148 430 293 496; x_wconf 92' lang='lat' dir='ltr'><strong>Pondere</strong></span> <span class='ocrx_word' id='word_1_12' title='bbox 316 431 376 496; x_wconf 89' lang='lat' dir='ltr'><strong>sub</strong></span> <span class='ocrx_word' id='word_1_13' title='bbox 401 435 522 516; x_wconf 88' lang='lat' dir='ltr'><strong>quanto</strong></span> <span class='ocrx_word' id='word_1_14' title='bbox 546 437 694 496; x_wconf 88' lang='lat' dir='ltr'><strong>nostrum</strong></span> <span class='ocrx_word' id='word_1_15' title='bbox 717 431 904 496; x_wconf 75' lang='lat' dir='ltr'><strong>moderatur</strong></span> <span class='ocrx_word' id='word_1_16' title='bbox 926 433 988 498; x_wconf 92' lang='lat' dir='ltr'><strong>iter</strong></span> <span class='ocrx_word' id='word_1_17' title='bbox 1093 438 1166 519; x_wconf 87' lang='lat' dir='ltr'><strong>pes!</strong></span> 
     </span>
    </p>
   </div>
   <div class='ocr_carea' id='block_1_3' title="bbox 97 674 834 745">
    <p class='ocr_par' dir='ltr' id='par_1_3' title="bbox 97 674 834 745">
     <span class='ocr_line' id='line_1_4' title="bbox 97 674 834 745; baseline -0.004 -11"><span class='ocrx_word' id='word_1_18' title='bbox 97 697 155 745; x_wconf 74' lang='lat' dir='ltr'><strong>[aaa]</strong></span> <span class='ocrx_word' id='word_1_19' title='bbox 473 675 531 730; x_wconf 87' lang='lat' dir='ltr'>VII.</span> <span class='ocrx_word' id='word_1_20' title='bbox 561 675 610 730; x_wconf 77' lang='lat' dir='ltr'><strong>DE</strong></span> <span class='ocrx_word' id='word_1_21' title='bbox 629 674 834 731; x_wconf 80' lang='lat' dir='ltr'>INCONEXIS.</span> 
     </span>
    </p>
   </div>
   <div class='ocr_carea' id='block_1_4' title="bbox 109 819 1219 1881">
    <p class='ocr_par' dir='ltr' id='par_1_4' title="bbox 109 819 1219 1881">
     <span class='ocr_line' id='line_1_5' title="bbox 149 819 1169 906; baseline 0.003 -20"><span class='ocrx_word' id='word_1_22' title='bbox 149 819 252 905; x_wconf 84' lang='lat' dir='ltr'><strong>Saepe</strong></span> <span class='ocrx_word' id='word_1_23' title='bbox 274 821 309 886; x_wconf 89' lang='lat' dir='ltr'><strong>in</strong></span> <span class='ocrx_word' id='word_1_24' title='bbox 333 820 492 904; x_wconf 81' lang='lat' dir='ltr'><strong>coniugiis</strong></span> <span class='ocrx_word' id='word_1_25' title='bbox 515 821 554 884; x_wconf 91' lang='lat' dir='ltr'><strong>fit</strong></span> <span class='ocrx_word' id='word_1_26' title='bbox 575 821 686 902; x_wconf 88' lang='lat' dir='ltr'><strong>noxia,</strong></span> <span class='ocrx_word' id='word_1_27' title='bbox 711 821 739 885; x_wconf 89' lang='lat' dir='ltr'><strong>si</strong></span> <span class='ocrx_word' id='word_1_28' title='bbox 761 822 864 886; x_wconf 91' lang='lat' dir='ltr'><strong>nimia</strong></span> <span class='ocrx_word' id='word_1_29' title='bbox 886 825 949 906; x_wconf 84' lang='lat' dir='ltr'><strong>est,</strong></span> <span class='ocrx_word' id='word_1_30' title='bbox 1100 823 1169 890; x_wconf 88' lang='lat' dir='ltr'><strong>dos.</strong></span> 
     </span>
     <span class='ocr_line' id='line_1_6' title="bbox 149 907 1168 995; baseline 0.004 -21"><span class='ocrx_word' id='word_1_31' title='bbox 149 907 250 975; x_wconf 84' lang='lat' dir='ltr'><strong>Sexus</strong></span> <span class='ocrx_word' id='word_1_32' title='bbox 274 913 408 994; x_wconf 87' lang='lat' dir='ltr'><strong>uterque</strong></span> <span class='ocrx_word' id='word_1_33' title='bbox 432 912 563 992; x_wconf 84' lang='lat' dir='ltr'><strong>potens,</strong></span> <span class='ocrx_word' id='word_1_34' title='bbox 587 913 636 973; x_wconf 88' lang='lat' dir='ltr'><strong>set</strong></span> <span class='ocrx_word' id='word_1_35' title='bbox 658 910 829 992; x_wconf 88' lang='lat' dir='ltr'><strong>praeualet</strong></span> <span class='ocrx_word' id='word_1_36' title='bbox 851 911 976 995; x_wconf 90' lang='lat' dir='ltr'><strong>inperio</strong></span> <span class='ocrx_word' id='word_1_37' title='bbox 1089 935 1168 978; x_wconf 90' lang='lat' dir='ltr'><strong>mas.</strong></span> 
     </span>
     <span class='ocr_line' id='line_1_7' title="bbox 149 997 1169 1084; baseline 0.003 -21"><span class='ocrx_word' id='word_1_38' title='bbox 149 997 212 1074; x_wconf 79' lang='lat' dir='ltr'><strong>Qui</strong></span> <span class='ocrx_word' id='word_1_39' title='bbox 237 1001 322 1064; x_wconf 88' lang='lat' dir='ltr'><strong>recte</strong></span> <span class='ocrx_word' id='word_1_40' title='bbox 345 997 456 1083; x_wconf 87' lang='lat' dir='ltr'><strong>faciet,</strong></span> <span class='ocrx_word' id='word_1_41' title='bbox 479 1019 547 1063; x_wconf 90' lang='lat' dir='ltr'><strong>non</strong></span> <span class='ocrx_word' id='word_1_42' title='bbox 570 998 626 1081; x_wconf 89' lang='lat' dir='ltr'><strong>qui</strong></span> <span class='ocrx_word' id='word_1_43' title='bbox 649 998 849 1084; x_wconf 72' lang='lat' dir='ltr'><strong>dominatur,</strong></span> <span class='ocrx_word' id='word_1_44' title='bbox 872 999 935 1063; x_wconf 87' lang='lat' dir='ltr'><strong>erit</strong></span> <span class='ocrx_word' id='word_1_45' title='bbox 1102 1023 1169 1066; x_wconf 89' lang='lat' dir='ltr'><strong>rex.</strong></span> 
     </span>
     <span class='ocr_line' id='line_1_8' title="bbox 148 1085 1219 1156; baseline 0.006 -7"><span class='ocrx_word' id='word_1_46' title='bbox 148 1085 255 1151; x_wconf 85' lang='lat' dir='ltr'><strong>Vexat</strong></span> <span class='ocrx_word' id='word_1_47' title='bbox 278 1086 436 1152; x_wconf 77' lang='lat' dir='ltr'><strong>amicitias</strong></span> <span class='ocrx_word' id='word_1_48' title='bbox 461 1091 494 1150; x_wconf 90' lang='lat' dir='ltr'><strong>et</strong></span> <span class='ocrx_word' id='word_1_49' title='bbox 516 1085 649 1156; x_wconf 80' lang='lat' dir='ltr'>foedera</span> <span class='ocrx_word' id='word_1_50' title='bbox 671 1087 827 1152; x_wconf 77' lang='lat' dir='ltr'><strong>dissociat</strong></span> <span class='ocrx_word' id='word_1_51' title='bbox 1117 1090 1169 1155; x_wconf 91' lang='lat' dir='ltr'><strong>lis.</strong></span> <span class='ocrx_word' id='word_1_52' title='bbox 1188 1105 1219 1154; x_wconf 84' lang='lat'><strong>35</strong></span> 
     </span>
     <span class='ocr_line' id='line_1_9' title="bbox 121 1174 1169 1261; baseline 0.01 -28"><span class='ocrx_word' id='word_1_53' title='bbox 121 1174 266 1259; x_wconf 71' lang='lat' dir='ltr'><strong>sIncipe²</strong></span> <span class='ocrx_word' id='word_1_54' title='bbox 286 1175 441 1259; x_wconf 91' lang='lat' dir='ltr'><strong>quidquid</strong></span> <span class='ocrx_word' id='word_1_55' title='bbox 461 1196 556 1261; x_wconf 85' lang='lat' dir='ltr'><strong>agas:</strong></span> <span class='ocrx_word' id='word_1_56' title='bbox 579 1178 730 1259; x_wconf 89' lang='lat' dir='ltr'><strong>prototo</strong></span> <span class='ocrx_word' id='word_1_57' title='bbox 750 1179 800 1240; x_wconf 95' lang='grc' dir='ltr'><strong>θεὴ</strong></span> <span class='ocrx_word' id='word_1_58' title='bbox 817 1176 924 1260; x_wconf 89' lang='lat' dir='ltr'><strong>prima</strong></span> <span class='ocrx_word' id='word_1_59' title='bbox 942 1177 1050 1261; x_wconf 89' lang='lat' dir='ltr'><strong>operis</strong></span> <span class='ocrx_word' id='word_1_60' title='bbox 1081 1200 1169 1261; x_wconf 87' lang='lat' dir='ltr'><strong>pars.</strong></span> 
     </span>
     <span class='ocr_line' id='line_1_10' title="bbox 147 1263 1170 1348; baseline 0.005 -21"><span class='ocrx_word' id='word_1_61' title='bbox 147 1263 298 1328; x_wconf 76' lang='lat' dir='ltr'><strong>insinuat</strong></span> <span class='ocrx_word' id='word_1_62' title='bbox 320 1264 411 1330; x_wconf 86' lang='lat' dir='ltr'><strong>caelo</strong></span> <span class='ocrx_word' id='word_1_63' title='bbox 436 1263 549 1348; x_wconf 87' lang='lat' dir='ltr'><strong>disque</strong></span> <span class='ocrx_word' id='word_1_64' title='bbox 572 1263 689 1329; x_wconf 86' lang='lat' dir='ltr'><strong>inserit</strong></span> <span class='ocrx_word' id='word_1_65' title='bbox 712 1265 865 1331; x_wconf 87' lang='lat' dir='ltr'><strong>emeritos</strong></span> <span class='ocrx_word' id='word_1_66' title='bbox 1088 1268 1170 1332; x_wconf 87' lang='lat' dir='ltr'><strong>laus.</strong></span> 
     </span>
     <span class='ocr_line' id='line_1_11' title="bbox 147 1349 1171 1437; baseline 0.005 -21"><span class='ocrx_word' id='word_1_67' title='bbox 147 1351 193 1417; x_wconf 76' lang='lat' dir='ltr'><strong>nt</strong></span> <span class='ocrx_word' id='word_1_68' title='bbox 215 1353 393 1437; x_wconf 87' lang='lat' dir='ltr'><strong>disciplinis</strong></span> <span class='ocrx_word' id='word_1_69' title='bbox 418 1352 564 1418; x_wconf 86' lang='lat' dir='ltr'><strong>conferta</strong></span> <span class='ocrx_word' id='word_1_70' title='bbox 587 1356 638 1417; x_wconf 89' lang='lat' dir='ltr'><strong>est</strong></span> <span class='ocrx_word' id='word_1_71' title='bbox 660 1356 693 1417; x_wconf 89' lang='lat' dir='ltr'><strong>et</strong></span> <span class='ocrx_word' id='word_1_72' title='bbox 715 1353 805 1418; x_wconf 89' lang='lat' dir='ltr'><strong>uitiis</strong></span> <span class='ocrx_word' id='word_1_73' title='bbox 1082 1349 1171 1422; x_wconf 83' lang='lat' dir='ltr'><strong>u&#39;rbs.</strong></span> 
     </span>
     <span class='ocr_line' id='line_1_12' title="bbox 147 1439 1171 1511; baseline 0.006 -7"><span class='ocrx_word' id='word_1_74' title='bbox 147 1439 294 1506; x_wconf 86' lang='lat' dir='ltr'><strong>Vrbibus</strong></span> <span class='ocrx_word' id='word_1_75' title='bbox 317 1442 352 1506; x_wconf 90' lang='lat' dir='ltr'><strong>in</strong></span> <span class='ocrx_word' id='word_1_76' title='bbox 374 1441 455 1506; x_wconf 87' lang='lat' dir='ltr'><strong>tutis</strong></span> <span class='ocrx_word' id='word_1_77' title='bbox 479 1440 636 1507; x_wconf 82' lang='lat' dir='ltr'><strong>munitior</strong></span> <span class='ocrx_word' id='word_1_78' title='bbox 658 1442 794 1506; x_wconf 90' lang='lat' dir='ltr'><strong>urbibus</strong></span> <span class='ocrx_word' id='word_1_79' title='bbox 819 1446 869 1507; x_wconf 90' lang='lat' dir='ltr'><strong>est</strong></span> <span class='ocrx_word' id='word_1_80' title='bbox 1104 1466 1171 1511; x_wconf 76' lang='lat' dir='ltr'><strong>arra</strong></span> 
     </span>
     <span class='ocr_line' id='line_1_13' title="bbox 148 1529 1219 1615; baseline 0.001 -20"><span class='ocrx_word' id='word_1_81' title='bbox 148 1529 239 1595; x_wconf 82' lang='lat' dir='ltr'><strong>Auro</strong></span> <span class='ocrx_word' id='word_1_82' title='bbox 263 1550 403 1615; x_wconf 83' lang='lat' dir='ltr'><strong>magnus</strong></span> <span class='ocrx_word' id='word_1_83' title='bbox 426 1530 546 1614; x_wconf 86' lang='lat' dir='ltr'><strong>honos,</strong></span> <span class='ocrx_word' id='word_1_84' title='bbox 570 1531 641 1594; x_wconf 88' lang='lat' dir='ltr'><strong>auri</strong></span> <span class='ocrx_word' id='word_1_85' title='bbox 661 1531 804 1614; x_wconf 89' lang='lat' dir='ltr'><strong>pretium</strong></span> <span class='ocrx_word' id='word_1_86' title='bbox 827 1534 939 1596; x_wconf 90' lang='lat' dir='ltr'><strong>tamen</strong></span> <span class='ocrx_word' id='word_1_87' title='bbox 962 1534 1011 1595; x_wconf 91' lang='lat' dir='ltr'><strong>est</strong></span> <span class='ocrx_word' id='word_1_88' title='bbox 1105 1555 1170 1598; x_wconf 87' lang='lat' dir='ltr'><strong>aas.</strong></span> <span class='ocrx_word' id='word_1_89' title='bbox 1189 1549 1219 1596; x_wconf 84' lang='lat'><strong>40</strong></span> 
     </span>
     <span class='ocr_line' id='line_1_14' title="bbox 109 1618 1171 1706; baseline 0.005 -24"><span class='ocrx_word' id='word_1_90' title='bbox 109 1637 135 1675; x_wconf 88' lang='lat'><strong>10</strong></span> <span class='ocrx_word' id='word_1_91' title='bbox 148 1618 263 1705; x_wconf 84' lang='lat' dir='ltr'><strong>Longa</strong></span> <span class='ocrx_word' id='word_1_92' title='bbox 287 1620 355 1684; x_wconf 90' lang='lat' dir='ltr'><strong>dies</strong></span> <span class='ocrx_word' id='word_1_93' title='bbox 379 1640 517 1704; x_wconf 88' lang='lat' dir='ltr'><strong>operosa</strong></span> <span class='ocrx_word' id='word_1_94' title='bbox 538 1618 627 1704; x_wconf 88' lang='lat' dir='ltr'><strong>uiro,</strong></span> <span class='ocrx_word' id='word_1_95' title='bbox 650 1619 705 1684; x_wconf 89' lang='lat' dir='ltr'><strong>sed</strong></span> <span class='ocrx_word' id='word_1_96' title='bbox 728 1620 903 1703; x_wconf 85' lang='lat' dir='ltr'><strong>temperies</strong></span> <span class='ocrx_word' id='word_1_97' title='bbox 1095 1644 1171 1706; x_wconf 85' lang='lat' dir='ltr'><strong>nox,</strong></span> 
     </span>
     <span class='ocr_line' id='line_1_15' title="bbox 149 1705 1172 1794; baseline 0.002 -22"><span class='ocrx_word' id='word_1_98' title='bbox 149 1705 220 1782; x_wconf 82' lang='lat' dir='ltr'><strong>Qua</strong></span> <span class='ocrx_word' id='word_1_99' title='bbox 238 1712 328 1773; x_wconf 88' lang='lat' dir='ltr'><strong>earet</strong></span> <span class='ocrx_word' id='word_1_100' title='bbox 346 1707 545 1792; x_wconf 82' lang='lat' dir='ltr'><strong>Aethiopum</strong></span> <span class='ocrx_word' id='word_1_101' title='bbox 562 1708 676 1793; x_wconf 83' lang='lat' dir='ltr'><strong>plaga,</strong></span> <span class='ocrx_word' id='word_1_102' title='bbox 695 1709 848 1794; x_wconf 82' lang='lat' dir='ltr'><strong>peruigil,</strong></span> <span class='ocrx_word' id='word_1_103' title='bbox 869 1708 1034 1791; x_wconf 77' lang='lat' dir='ltr'><strong>inrequies</strong></span> <span class='ocrx_word' id='word_1_104' title='bbox 1082 1732 1172 1793; x_wconf 83' lang='lat' dir='ltr'><strong>gens,</strong></span> 
     </span>
     <span class='ocr_line' id='line_1_16' title="bbox 150 1794 1171 1881; baseline 0.005 -22"><span class='ocrx_word' id='word_1_105' title='bbox 150 1794 284 1880; x_wconf 82' lang='lat' dir='ltr'><strong>Semper</strong></span> <span class='ocrx_word' id='word_1_106' title='bbox 306 1796 362 1861; x_wconf 90' lang='lat' dir='ltr'><strong>ubi</strong></span> <span class='ocrx_word' id='word_1_107' title='bbox 386 1800 520 1861; x_wconf 88' lang='lat' dir='ltr'><strong>aeterna</strong></span> <span class='ocrx_word' id='word_1_108' title='bbox 543 1798 705 1881; x_wconf 86' lang='lat' dir='ltr'><strong>uertigine</strong></span> <span class='ocrx_word' id='word_1_109' title='bbox 729 1797 817 1862; x_wconf 88' lang='lat' dir='ltr'><strong>clara</strong></span> <span class='ocrx_word' id='word_1_110' title='bbox 840 1798 952 1863; x_wconf 84' lang='lat' dir='ltr'><strong>manet</strong></span> <span class='ocrx_word' id='word_1_111' title='bbox 1106 1800 1171 1864; x_wconf 74' lang='lat' dir='ltr'><strong>lux,</strong></span> 
     </span>
    </p>
   </div>
   <div class='ocr_carea' id='block_1_5' title="bbox 149 1939 363 1947">
    <p class='ocr_par' dir='ltr' id='par_1_5' title="bbox 149 1939 363 1947">
     <span class='ocr_line' id='line_1_17' title="bbox 149 1939 363 1947; baseline 0 -1"><span class='ocrx_word' id='word_1_112' title='bbox 149 1939 363 1947; x_wconf 76' lang='lat'><strong>—--—--—-—</strong></span> 
     </span>
    </p>
   </div>
   <div class='ocr_carea' id='block_1_6' title="bbox 221 2021 1253 2096">
    <p class='ocr_par' dir='ltr' id='par_1_6' title="bbox 221 2021 1253 2096">
     <span class='ocr_line' id='line_1_18' title="bbox 221 2021 1253 2096; baseline 0.005 -20"><span class='ocrx_word' id='word_1_113' title='bbox 221 2022 285 2092; x_wconf 89' lang='lat' dir='ltr'><strong>Vll,</strong></span> <span class='ocrx_word' id='word_1_114' title='bbox 307 2029 320 2076; x_wconf 92' lang='lat'>1</span> <span class='ocrx_word' id='word_1_115' title='bbox 344 2021 485 2078; x_wconf 85' lang='lat' dir='ltr'><strong>quenalis</strong></span> <span class='ocrx_word' id='word_1_116' title='bbox 504 2022 543 2076; x_wconf 90' lang='lat' dir='ltr'><strong>Vl</strong></span> <span class='ocrx_word' id='word_1_117' title='bbox 561 2029 614 2079; x_wconf 85' lang='grc'><strong>460</strong></span> <span class='ocrx_word' id='word_1_118' title='bbox 642 2023 851 2079; x_wconf 86' lang='lat' dir='ltr'><strong>Intolerabilius</strong></span> <span class='ocrx_word' id='word_1_119' title='bbox 869 2023 942 2079; x_wconf 91' lang='lat' dir='ltr'><strong>nihil</strong></span> <span class='ocrx_word' id='word_1_120' title='bbox 961 2026 1006 2080; x_wconf 87' lang='lat' dir='ltr'><strong>est</strong></span> <span class='ocrx_word' id='word_1_121' title='bbox 1024 2042 1113 2096; x_wconf 89' lang='lat' dir='ltr'><strong>quam</strong></span> <span class='ocrx_word' id='word_1_122' title='bbox 1131 2027 1171 2081; x_wconf 87' lang='lat' dir='ltr'><strong>fe·</strong></span> <span class='ocrx_word' id='word_1_123' title='bbox 1252 2083 1253 2096; x_wconf 13' lang='grc' dir='ltr'><strong>χ</strong></span> 
     </span>
    </p>
   </div>
   <div class='ocr_carea' id='block_1_7' title="bbox 147 2092 1173 2503">
    <p class='ocr_par' dir='ltr' id='par_1_7' title="bbox 149 2092 909 2150">
     <span class='ocr_line' id='line_1_19' title="bbox 149 2092 909 2150; baseline 0.004 -3"><span class='ocrx_word' id='word_1_124' title='bbox 149 2094 226 2149; x_wconf 88' lang='lat' dir='ltr'><strong>mina</strong></span> <span class='ocrx_word' id='word_1_125' title='bbox 244 2092 331 2149; x_wconf 86' lang='lat' dir='ltr'><strong>diues.</strong></span> <span class='ocrx_word' id='word_1_126' title='bbox 359 2092 499 2148; x_wconf 85' lang='lat' dir='ltr'><strong>Martialis</strong></span> <span class='ocrx_word' id='word_1_127' title='bbox 518 2093 584 2149; x_wconf 88' lang='lat' dir='ltr'><strong>VIII</strong></span> <span class='ocrx_word' id='word_1_128' title='bbox 604 2101 646 2150; x_wconf 80' lang='lat'><strong>12.</strong></span> <span class='ocrx_word' id='word_1_129' title='bbox 905 2123 909 2132; x_wconf 90' lang='lat'><em>·</em></span> 
     </span>
    </p>

    <p class='ocr_par' dir='ltr' id='par_1_8' title="bbox 147 2165 1252 2503">
     <span class='ocr_line' id='line_1_20' title="bbox 221 2165 999 2234; baseline 0.003 -15"><span class='ocrx_word' id='word_1_130' title='bbox 221 2166 353 2220; x_wconf 85' lang='lat' dir='ltr'><strong>3Horat.</strong></span> <span class='ocrx_word' id='word_1_131' title='bbox 372 2165 404 2219; x_wconf 84' lang='lat' dir='ltr'><strong>E.</strong></span> <span class='ocrx_word' id='word_1_132' title='bbox 423 2165 437 2218; x_wconf 92' lang='lat' dir='ltr'>I</span> <span class='ocrx_word' id='word_1_133' title='bbox 458 2171 566 2234; x_wconf 64' lang='lat' dir='ltr'><strong>abac.</strong></span> <span class='ocrx_word' id='word_1_134' title='bbox 585 2184 634 2221; x_wconf 87' lang='lat' dir='ltr'><strong>rex</strong></span> <span class='ocrx_word' id='word_1_135' title='bbox 652 2166 706 2220; x_wconf 87' lang='lat' dir='ltr'><strong>eris</strong></span> <span class='ocrx_word' id='word_1_136' title='bbox 727 2205 754 2221; x_wconf 88' lang='lat'><strong>..</strong></span> <span class='ocrx_word' id='word_1_137' title='bbox 775 2165 894 2222; x_wconf 84' lang='lat' dir='ltr'><strong>sirecte</strong></span> <span class='ocrx_word' id='word_1_138' title='bbox 913 2165 999 2222; x_wconf 83' lang='lat' dir='ltr'><strong>facies</strong></span> 
     </span>
     <span class='ocr_line' id='line_1_21' title="bbox 151 2235 1171 2319; baseline 0.005 -30"><span class='ocrx_word' id='word_1_139' title='bbox 151 2308 157 2319; x_wconf 91' lang='lat'><strong><em>.</em></strong></span> <span class='ocrx_word' id='word_1_140' title='bbox 197 2306 203 2318; x_wconf 31' lang='grc' dir='ltr'>ι</span> <span class='ocrx_word' id='word_1_141' title='bbox 221 2240 237 2289; x_wconf 80' lang='lat'><strong>5</strong></span> <span class='ocrx_word' id='word_1_142' title='bbox 256 2237 354 2291; x_wconf 87' lang='lat' dir='ltr'><strong>Horat.</strong></span> <span class='ocrx_word' id='word_1_143' title='bbox 373 2236 404 2290; x_wconf 84' lang='lat' dir='ltr'><strong>E.</strong></span> <span class='ocrx_word' id='word_1_144' title='bbox 425 2237 438 2290; x_wconf 90' lang='lat'><strong>1</strong></span> <span class='ocrx_word' id='word_1_145' title='bbox 456 2242 481 2303; x_wconf 75' lang='grc'><strong>3,</strong></span> <span class='ocrx_word' id='word_1_146' title='bbox 496 2242 531 2291; x_wconf 87' lang='grc'><strong>40</strong></span> <span class='ocrx_word' id='word_1_147' title='bbox 546 2253 567 2293; x_wconf 90' lang='lat' dir='ltr'><strong>s.</strong></span> <span class='ocrx_word' id='word_1_148' title='bbox 587 2235 733 2292; x_wconf 87' lang='lat' dir='ltr'><strong>dimidium</strong></span> <span class='ocrx_word' id='word_1_149' title='bbox 751 2237 821 2292; x_wconf 81' lang='lat' dir='ltr'><strong>lacti</strong></span> <span class='ocrx_word' id='word_1_150' title='bbox 839 2238 888 2305; x_wconf 92' lang='lat' dir='ltr'><strong>qui</strong></span> <span class='ocrx_word' id='word_1_151' title='bbox 907 2238 1000 2308; x_wconf 87' lang='lat' dir='ltr'><strong>coepit</strong></span> <span class='ocrx_word' id='word_1_152' title='bbox 1018 2238 1120 2295; x_wconf 83' lang='lat' dir='ltr'><strong>habet:</strong></span> <span class='ocrx_word' id='word_1_153' title='bbox 1141 2280 1171 2294; x_wconf 90' lang='lat'><strong>..</strong></span> 
     </span>
     <span class='ocr_line' id='line_1_22' title="bbox 148 2323 1173 2460; baseline 0.002 -27"><span class='ocrx_word' id='word_1_154' title='bbox 148 2323 241 2460; x_wconf 60' lang='lat' dir='ltr'><strong>meipso</strong></span> <span class='ocrx_word' id='word_1_155' title='bbox 256 2377 346 2432; x_wconf 88' lang='lat' dir='ltr'><strong>Varro</strong></span> <span class='ocrx_word' id='word_1_156' title='bbox 366 2377 400 2432; x_wconf 89' lang='lat' dir='ltr'><strong>de</strong></span> <span class='ocrx_word' id='word_1_157' title='bbox 419 2378 437 2432; x_wconf 94' lang='lat' dir='ltr'><strong>l.</strong></span> <span class='ocrx_word' id='word_1_158' title='bbox 457 2379 476 2434; x_wconf 92' lang='lat' dir='ltr'><strong>l.</strong></span> <span class='ocrx_word' id='word_1_159' title='bbox 496 2383 546 2433; x_wconf 79' lang='grc'><strong>151</strong></span> <span class='ocrx_word' id='word_1_160' title='bbox 566 2395 616 2433; x_wconf 85' lang='lat' dir='ltr'><strong>arx</strong></span> <span class='ocrx_word' id='word_1_161' title='bbox 635 2379 671 2434; x_wconf 86' lang='lat' dir='ltr'><strong>ab</strong></span> <span class='ocrx_word' id='word_1_162' title='bbox 690 2379 824 2447; x_wconf 78' lang='lat' dir='ltr'><strong>arcendo,</strong></span> <span class='ocrx_word' id='word_1_163' title='bbox 843 2379 917 2448; x_wconf 89' lang='lat' dir='ltr'><strong>quod</strong></span> <span class='ocrx_word' id='word_1_164' title='bbox 936 2378 961 2433; x_wconf 91' lang='lat' dir='ltr'><strong>is</strong></span> <span class='ocrx_word' id='word_1_165' title='bbox 981 2380 1060 2435; x_wconf 88' lang='lat' dir='ltr'><strong>locus</strong></span> <span class='ocrx_word' id='word_1_166' title='bbox 1080 2382 1173 2435; x_wconf 85' lang='lat' dir='ltr'><strong>muni·</strong></span> 
     </span>
     <span class='ocr_line' id='line_1_23' title="bbox 147 2448 378 2503; baseline 0 -1"><span class='ocrx_word' id='word_1_167' title='bbox 147 2449 273 2503; x_wconf 86' lang='lat' dir='ltr'><strong>tisarmus</strong></span> <span class='ocrx_word' id='word_1_168' title='bbox 293 2448 378 2503; x_wconf 89' lang='lat' dir='ltr'><strong>nrbie.</strong></span> 
     </span>
    </p>
   </div>
   <div class='ocr_carea' id='block_1_8' title="bbox 149 2662 1171 2804">
    <p class='ocr_par' dir='ltr' id='par_1_9' title="bbox 149 2573 1251 2804">
     <span class='ocr_line' id='line_1_24' title="bbox 221 2662 1171 2736; baseline 0.007 -20"><span class='ocrx_word' id='word_1_169' title='bbox 221 2669 255 2717; x_wconf 86' lang='lat'><strong>30</strong></span> <span class='ocrx_word' id='word_1_170' title='bbox 274 2663 436 2731; x_wconf 79' lang='lat' dir='ltr'><strong>quantapl</strong></span> <span class='ocrx_word' id='word_1_171' title='bbox 463 2678 539 2716; x_wconf 84' lang='lat' dir='ltr'><strong>orus:</strong></span> <span class='ocrx_word' id='word_1_172' title='bbox 559 2680 572 2717; x_wconf 95' lang='lat' dir='ltr'><strong>s</strong></span> <span class='ocrx_word' id='word_1_173' title='bbox 591 2664 623 2718; x_wconf 79' lang='lat' dir='ltr'><strong>ia</strong></span> <span class='ocrx_word' id='word_1_174' title='bbox 640 2678 696 2718; x_wconf 80' lang='lat' dir='ltr'><strong>raa.</strong></span> <span class='ocrx_word' id='word_1_175' title='bbox 716 2663 767 2719; x_wconf 82' lang='lat' dir='ltr'><strong>litt.</strong></span> <span class='ocrx_word' id='word_1_176' title='bbox 787 2680 806 2716; x_wconf 89' lang='lat' dir='ltr'>x</span> <span class='ocrx_word' id='word_1_177' title='bbox 823 2663 859 2720; x_wconf 86' lang='lat' dir='ltr'><strong>al.</strong></span> <span class='ocrx_word' id='word_1_178' title='bbox 885 2662 912 2716; x_wconf 88' lang='lat' dir='ltr'><strong><em>V</em></strong></span> <span class='ocrx_word' id='word_1_179' title='bbox 964 2669 997 2720; x_wconf 84' lang='grc'><strong>31</strong></span> <span class='ocrx_word' id='word_1_180' title='bbox 1017 2664 1145 2734; x_wconf 75' lang='lat' dir='ltr'><strong>roudep</strong></span> <span class='ocrx_word' id='word_1_181' title='bbox 1167 2667 1171 2736; x_wconf 76' lang='lat' dir='ltr'><strong>l</strong></span> 
     </span>
     <span class='ocr_line' id='line_1_25' title="bbox 149 2732 564 2804; baseline -0.005 -16"><span class='ocrx_word' id='word_1_182' title='bbox 149 2733 204 2788; x_wconf 84' lang='lat' dir='ltr'><strong>iter</strong></span> <span class='ocrx_word' id='word_1_183' title='bbox 221 2753 248 2804; x_wconf 87' lang='lat' dir='ltr'><strong>p.</strong></span> <span class='ocrx_word' id='word_1_184' title='bbox 268 2750 317 2803; x_wconf 87' lang='lat' dir='ltr'><strong>pes</strong></span> <span class='ocrx_word' id='word_1_185' title='bbox 337 2735 367 2803; x_wconf 88' lang='lat' dir='ltr'><strong>(p</strong></span> <span class='ocrx_word' id='word_1_186' title='bbox 386 2733 435 2787; x_wconf 78' lang='lat' dir='ltr'><strong>lin.</strong></span> <span class='ocrx_word' id='word_1_187' title='bbox 454 2733 518 2803; x_wconf 80' lang='lat' dir='ltr'><strong>del.)</strong></span> <span class='ocrx_word' id='word_1_188' title='bbox 538 2732 564 2786; x_wconf 78' lang='lat' dir='ltr'><strong><em>T</em></strong></span> 
     </span>
    </p>
   </div>
   <div class='ocr_carea' id='block_1_9' title="bbox 22 2839 1249 3126">
    <p class='ocr_par' dir='ltr' id='par_1_10' title="bbox 22 2839 1249 3126">
     <span class='ocr_line' id='line_1_26' title="bbox 22 2839 1174 2910; baseline 0.003 -16"><span class='ocrx_word' id='word_1_189' title='bbox 22 2841 135 2906; x_wconf 69' lang='lat' dir='ltr'><strong>Vada</strong></span> <span class='ocrx_word' id='word_1_190' title='bbox 222 2839 275 2893; x_wconf 90' lang='lat' dir='ltr'><strong>VII</strong></span> <span class='ocrx_word' id='word_1_191' title='bbox 297 2839 446 2909; x_wconf 84' lang='lat' dir='ltr'><strong>conexisp</strong></span> <span class='ocrx_word' id='word_1_192' title='bbox 471 2840 634 2894; x_wconf 84' lang='lat' dir='ltr'><strong>inconnexis</strong></span> <span class='ocrx_word' id='word_1_193' title='bbox 654 2840 681 2894; x_wconf 86' lang='lat' dir='ltr'><em>Z</em></span> <span class='ocrx_word' id='word_1_194' title='bbox 706 2861 736 2896; x_wconf 82' lang='lat' dir='ltr'><strong>vr</strong></span> <span class='ocrx_word' id='word_1_195' title='bbox 754 2856 841 2910; x_wconf 71' lang='lat' dir='ltr'><strong>maro.</strong></span> <span class='ocrx_word' id='word_1_196' title='bbox 860 2841 924 2896; x_wconf 83' lang='lat' dir='ltr'><strong>odd.</strong></span> <span class='ocrx_word' id='word_1_197' title='bbox 947 2841 992 2895; x_wconf 82' lang='lat' dir='ltr'><strong>Va</strong></span> <span class='ocrx_word' id='word_1_198' title='bbox 1050 2848 1085 2896; x_wconf 79' lang='lat'><strong>32</strong></span> <span class='ocrx_word' id='word_1_199' title='bbox 1106 2860 1174 2899; x_wconf 94' lang='lat' dir='ltr'><strong>con-</strong></span> 
     </span>
     <span class='ocr_line' id='line_1_27' title="bbox 148 2909 1173 2983; baseline 0.006 -19"><span class='ocrx_word' id='word_1_200' title='bbox 148 2909 262 2980; x_wconf 80' lang='lat' dir='ltr'><strong>iugibus</strong></span> <span class='ocrx_word' id='word_1_201' title='bbox 282 2911 335 2966; x_wconf 81' lang='grc' dir='ltr'><strong>ΟΖ</strong></span> <span class='ocrx_word' id='word_1_202' title='bbox 354 2913 358 2980; x_wconf 91' lang='grc' dir='ltr'>Ι</span> <span class='ocrx_word' id='word_1_203' title='bbox 384 2910 446 2982; x_wconf 87' lang='lat' dir='ltr'><strong>dos]</strong></span> <span class='ocrx_word' id='word_1_204' title='bbox 467 2927 523 2965; x_wconf 89' lang='lat' dir='ltr'><strong>uox</strong></span> <span class='ocrx_word' id='word_1_205' title='bbox 545 2910 590 2965; x_wconf 80' lang='lat' dir='ltr'><strong>Va</strong></span> <span class='ocrx_word' id='word_1_206' title='bbox 646 2917 680 2966; x_wconf 92' lang='grc'><strong>33</strong></span> <span class='ocrx_word' id='word_1_207' title='bbox 700 2911 755 2983; x_wconf 88' lang='lat' dir='ltr'><strong>sat]</strong></span> <span class='ocrx_word' id='word_1_208' title='bbox 779 2911 806 2963; x_wconf 88' lang='lat' dir='ltr'><strong><em>V</em></strong></span> <span class='ocrx_word' id='word_1_209' title='bbox 823 2915 826 2978; x_wconf 88' lang='grc' dir='ltr'>Ι</span> <span class='ocrx_word' id='word_1_210' title='bbox 851 2912 980 2981; x_wconf 86' lang='lat' dir='ltr'><strong>proualet</strong></span> <span class='ocrx_word' id='word_1_211' title='bbox 1001 2912 1108 2981; x_wconf 74' lang='lat' dir='ltr'><strong>VOTl</strong></span> <span class='ocrx_word' id='word_1_212' title='bbox 1129 2915 1173 2970; x_wconf 90' lang='lat' dir='ltr'><strong>in·</strong></span> 
     </span>
     <span class='ocr_line' id='line_1_28' title="bbox 148 2977 1249 3056; baseline 0.004 -20"><span class='ocrx_word' id='word_1_213' title='bbox 148 2981 240 3052; x_wconf 86' lang='lat' dir='ltr'><strong>pario]</strong></span> <span class='ocrx_word' id='word_1_214' title='bbox 265 2977 386 3049; x_wconf 81' lang='lat' dir='ltr'><strong>Vlmos</strong></span> <span class='ocrx_word' id='word_1_215' title='bbox 403 2979 430 3035; x_wconf 74' lang='lat' dir='ltr'><strong><em>G</em></strong></span> <span class='ocrx_word' id='word_1_216' title='bbox 480 2988 515 3035; x_wconf 87' lang='grc'><strong>34</strong></span> <span class='ocrx_word' id='word_1_217' title='bbox 535 2981 711 3054; x_wconf 74' lang='lat' dir='ltr'><strong>quisrecteV</strong></span> <span class='ocrx_word' id='word_1_218' title='bbox 761 2986 795 3037; x_wconf 82' lang='lat'><strong>35</strong></span> <span class='ocrx_word' id='word_1_219' title='bbox 814 2981 942 3054; x_wconf 84' lang='lat' dir='ltr'><strong>foedera]</strong></span> <span class='ocrx_word' id='word_1_220' title='bbox 962 2982 1037 3039; x_wconf 87' lang='lat' dir='ltr'><strong>sotia</strong></span> <span class='ocrx_word' id='word_1_221' title='bbox 1054 2986 1095 3053; x_wconf 81' lang='lat' dir='ltr'><strong>ol</strong></span> <span class='ocrx_word' id='word_1_222' title='bbox 1117 2986 1174 3040; x_wconf 88' lang='lat' dir='ltr'><strong>dis·</strong></span> <span class='ocrx_word' id='word_1_223' title='bbox 1248 3033 1249 3056; x_wconf 30' lang='lat' dir='ltr'><strong>p</strong></span> 
     </span>
     <span class='ocr_line' id='line_1_29' title="bbox 150 3051 1249 3126; baseline 0.003 -18"><span class='ocrx_word' id='word_1_224' title='bbox 150 3054 238 3108; x_wconf 90' lang='lat' dir='ltr'><strong>societ</strong></span> <span class='ocrx_word' id='word_1_225' title='bbox 255 3051 291 3106; x_wconf 88' lang='lat' dir='ltr'><strong>V¹</strong></span> <span class='ocrx_word' id='word_1_226' title='bbox 328 3059 361 3108; x_wconf 87' lang='grc'><strong>36</strong></span> <span class='ocrx_word' id='word_1_227' title='bbox 382 3051 516 3121; x_wconf 88' lang='lat' dir='ltr'><strong>quicquid</strong></span> <span class='ocrx_word' id='word_1_228' title='bbox 530 3054 578 3109; x_wconf 83' lang='lat' dir='ltr'><strong>oO</strong></span> <span class='ocrx_word' id='word_1_229' title='bbox 596 3057 678 3124; x_wconf 77' lang='lat' dir='ltr'><strong>qeqst</strong></span> <span class='ocrx_word' id='word_1_230' title='bbox 696 3054 752 3124; x_wconf 81' lang='lat' dir='ltr'><strong>(sod</strong></span> <span class='ocrx_word' id='word_1_231' title='bbox 769 3072 782 3108; x_wconf 87' lang='lat' dir='ltr'><strong>e</strong></span> <span class='ocrx_word' id='word_1_232' title='bbox 800 3055 863 3123; x_wconf 81' lang='lat' dir='ltr'><strong>del.)</strong></span> <span class='ocrx_word' id='word_1_233' title='bbox 879 3053 923 3124; x_wconf 85' lang='grc' dir='ltr'><strong>ΤΙ</strong></span> <span class='ocrx_word' id='word_1_234' title='bbox 940 3056 983 3110; x_wconf 84' lang='grc' dir='ltr'><strong>θεὴ</strong></span> <span class='ocrx_word' id='word_1_235' title='bbox 1001 3057 1136 3126; x_wconf 89' lang='lat' dir='ltr'><strong>opprima</strong></span> <span class='ocrx_word' id='word_1_236' title='bbox 1150 3057 1177 3110; x_wconf 86' lang='lat' dir='ltr'><em>T</em></span> <span class='ocrx_word' id='word_1_237' title='bbox 1248 3059 1249 3080; x_wconf 48' lang='lat' dir='ltr'><strong>l</strong></span> 
     </span>
    </p>
   </div>
   <div class='ocr_carea' id='block_1_10' title="bbox 186 3139 1173 3215">
    <p class='ocr_par' dir='ltr' id='par_1_11' title="bbox 186 3139 1173 3215">
     <span class='ocr_line' id='line_1_30' title="bbox 186 3139 1173 3215; baseline 0.003 -18"><span class='ocrx_word' id='word_1_238' title='bbox 186 3146 220 3198; x_wconf 80' lang='grc'><strong>37</strong></span> <span class='ocrx_word' id='word_1_239' title='bbox 240 3139 293 3196; x_wconf 89' lang='lat' dir='ltr'><strong>diis</strong></span> <span class='ocrx_word' id='word_1_240' title='bbox 310 3140 365 3196; x_wconf 75' lang='lat' dir='ltr'><strong>Tc</strong></span> <span class='ocrx_word' id='word_1_241' title='bbox 419 3157 446 3196; x_wconf 79' lang='lat' dir='ltr'><strong>u.</strong></span> <span class='ocrx_word' id='word_1_242' title='bbox 467 3146 501 3195; x_wconf 85' lang='grc'><strong>39</strong></span> <span class='ocrx_word' id='word_1_243' title='bbox 519 3157 569 3197; x_wconf 84' lang='lat' dir='ltr'><strong>om.</strong></span> <span class='ocrx_word' id='word_1_244' title='bbox 591 3143 615 3198; x_wconf 84' lang='lat'><strong><em>0</em></strong></span> <span class='ocrx_word' id='word_1_245' title='bbox 638 3145 643 3214; x_wconf 84' lang='grc' dir='ltr'>Ι</span> <span class='ocrx_word' id='word_1_246' title='bbox 668 3145 711 3197; x_wconf 87' lang='grc' dir='ltr'><strong>θεὴ</strong></span> <span class='ocrx_word' id='word_1_247' title='bbox 728 3143 764 3197; x_wconf 82' lang='lat' dir='ltr'><strong>ot.</strong></span> <span class='ocrx_word' id='word_1_248' title='bbox 784 3144 849 3198; x_wconf 83' lang='lat' dir='ltr'><strong>odd.</strong></span> <span class='ocrx_word' id='word_1_249' title='bbox 874 3142 901 3195; x_wconf 90' lang='lat' dir='ltr'><strong><em>V</em></strong></span> <span class='ocrx_word' id='word_1_250' title='bbox 923 3146 927 3212; x_wconf 92' lang='grc' dir='ltr'>Ι</span> <span class='ocrx_word' id='word_1_251' title='bbox 953 3144 1014 3215; x_wconf 84' lang='lat' dir='ltr'><strong>arx]</strong></span> <span class='ocrx_word' id='word_1_252' title='bbox 1040 3161 1091 3199; x_wconf 85' lang='lat' dir='ltr'><strong>rex</strong></span> <span class='ocrx_word' id='word_1_253' title='bbox 1116 3145 1173 3214; x_wconf 82' lang='lat' dir='ltr'><strong>Vc,</strong></span> 
     </span>
    </p>
   </div>
   <div class='ocr_carea' id='block_1_11' title="bbox 149 3227 1175 3405">
    <p class='ocr_par' dir='ltr' id='par_1_12' title="bbox 149 3227 1248 3527">
     <span class='ocr_line' id='line_1_31' title="bbox 150 3227 1174 3326; baseline 0.002 -22"><span class='ocrx_word' id='word_1_254' title='bbox 150 3267 195 3305; x_wconf 87' lang='lat' dir='ltr'><strong>ars</strong></span> <span class='ocrx_word' id='word_1_255' title='bbox 216 3250 255 3303; x_wconf 88' lang='lat' dir='ltr'><strong><em>M</em></strong></span> <span class='ocrx_word' id='word_1_256' title='bbox 306 3253 341 3304; x_wconf 83' lang='lat'><strong>40</strong></span> <span class='ocrx_word' id='word_1_257' title='bbox 359 3251 392 3303; x_wconf 78' lang='lat' dir='ltr'><strong>tr&#39;r</strong></span> <span class='ocrx_word' id='word_1_258' title='bbox 410 3247 492 3303; x_wconf 79' lang='lat' dir='ltr'><strong>aaT</strong></span> <span class='ocrx_word' id='word_1_259' title='bbox 545 3253 578 3302; x_wconf 84' lang='lat'><strong>41</strong></span> <span class='ocrx_word' id='word_1_260' title='bbox 598 3248 665 3303; x_wconf 87' lang='lat' dir='ltr'><strong>uiris</strong></span> <span class='ocrx_word' id='word_1_261' title='bbox 683 3250 726 3316; x_wconf 81' lang='lat' dir='ltr'><strong>ol</strong></span> <span class='ocrx_word' id='word_1_262' title='bbox 752 3227 944 3326; x_wconf 67' lang='lat' dir='ltr'><strong>temper-idad</strong></span> <span class='ocrx_word' id='word_1_263' title='bbox 991 3255 1027 3304; x_wconf 77' lang='grc'><strong>42</strong></span> <span class='ocrx_word' id='word_1_264' title='bbox 1042 3251 1174 3322; x_wconf 85' lang='lat' dir='ltr'><strong>etiopum</strong></span> 
     </span>
     <span class='ocr_line' id='line_1_32' title="bbox 149 3317 1175 3405; baseline 0.005 -31"><span class='ocrx_word' id='word_1_265' title='bbox 149 3321 243 3392; x_wconf 70' lang='lat' dir='ltr'><strong>1&#39;lalga</strong></span> <span class='ocrx_word' id='word_1_266' title='bbox 265 3320 310 3394; x_wconf 70' lang='lat' dir='ltr'><strong>Vl</strong></span> <span class='ocrx_word' id='word_1_267' title='bbox 333 3321 420 3391; x_wconf 83' lang='lat' dir='ltr'><strong>plaga</strong></span> <span class='ocrx_word' id='word_1_268' title='bbox 438 3317 525 3405; x_wconf 74' lang='lat' dir='ltr'><strong>plaga</strong></span> <span class='ocrx_word' id='word_1_269' title='bbox 545 3320 590 3388; x_wconf 78' lang='grc' dir='ltr'><strong>ΤΙ</strong></span> <span class='ocrx_word' id='word_1_270' title='bbox 612 3319 793 3388; x_wconf 84' lang='lat' dir='ltr'><strong>irrequiesT</strong></span> <span class='ocrx_word' id='word_1_271' title='bbox 845 3326 880 3375; x_wconf 85' lang='grc'><strong>43</strong></span> <span class='ocrx_word' id='word_1_272' title='bbox 899 3319 1010 3375; x_wconf 84' lang='lat' dir='ltr'><strong>alterna</strong></span> <span class='ocrx_word' id='word_1_273' title='bbox 1028 3322 1175 3380; x_wconf 78' lang='lat' dir='ltr'><strong>Baehrens</strong></span> 
     </span>
    </p>
   </div>
   <div class='ocr_carea' id='block_1_12' title="bbox 153 3409 929 3514">
    <p class='ocr_par' dir='ltr' id='par_1_13' title="bbox 153 3409 929 3514">
     <span class='ocr_line' id='line_1_33' title="bbox 153 3409 929 3514; baseline 0.001 -18"><span class='ocrx_word' id='word_1_274' title='bbox 153 3442 156 3512; x_wconf 69' lang='grc' dir='ltr'><strong><em>ι</em></strong></span> <span class='ocrx_word' id='word_1_275' title='bbox 179 3445 276 3498; x_wconf 70' lang='lat' dir='ltr'><strong>manet</strong></span> <span class='ocrx_word' id='word_1_276' title='bbox 300 3444 345 3498; x_wconf 73' lang='lat' dir='ltr'><strong>vv</strong></span> <span class='ocrx_word' id='word_1_277' title='bbox 364 3443 438 3500; x_wconf 70' lang='lat' dir='ltr'><strong>naec</strong></span> <span class='ocrx_word' id='word_1_278' title='bbox 458 3443 531 3511; x_wconf 65' lang='lat' dir='ltr'><strong>ozi</strong></span> <span class='ocrx_word' id='word_1_279' title='bbox 557 3409 635 3496; x_wconf 74' lang='lat' dir='ltr'><strong>dara</strong></span> <span class='ocrx_word' id='word_1_280' title='bbox 652 3443 725 3498; x_wconf 72' lang='lat' dir='ltr'><strong>neec</strong></span> <span class='ocrx_word' id='word_1_281' title='bbox 742 3413 882 3514; x_wconf 62' lang='lat' dir='ltr'><strong>uetudine</strong></span> <span class='ocrx_word' id='word_1_282' title='bbox 903 3445 929 3497; x_wconf 82' lang='lat' dir='ltr'><strong>r</strong></span> 
     </span>
    </p>
   </div>
   <div class='ocr_carea' id='block_1_13' title="bbox 99 3555 1247 3914">
    <p class='ocr_par' dir='ltr' id='par_1_14' title="bbox 99 3555 1247 3914">
     <span class='ocr_line' id='line_1_34' title="bbox 99 3555 1247 3914; baseline 0.004 -5"><span class='ocrx_word' id='word_1_283' title='bbox 99 3555 121 3594; x_wconf 80' lang='grc'>’</span> <span class='ocrx_word' id='word_1_284' title='bbox 1232 3555 1247 3914; x_wconf 90' lang='lat' dir='ltr'><strong>l</strong></span> 
     </span>
    </p>
   </div>
   <div class='ocr_carea' id='block_1_14' title="bbox 0 0 1272 3954">
    <p class='ocr_par' dir='ltr' id='par_1_15' title="bbox 0 0 1272 3954">
     <span class='ocr_line' id='line_1_35' title="bbox 0 0 1272 3954; baseline 0 1"><span class='ocrx_word' id='word_1_285' title='bbox 0 0 1272 3954; x_wconf 95' lang='lat' dir='ltr'><strong> </strong></span> 
     </span>
    </p>
   </div>
  </div>
 </body>
</html>
