2518 3956
511 175 666 240 -403
715 213 751 222 -

594 384 667 440 XXI.

232 493 273 563 Τῇ
294 487 323 546 δ’
344 487 393 561 ἄρ’
415 489 462 546 ἐπὶ
482 490 565 562 φρεσὶ
583 493 658 559 θῆκε
678 487 736 546 θεὰ
754 491 917 560 γλαυκῶπις
932 486 1035 561 Ἀθήνη

230 563 285 618 Hic
302 563 427 619 mentem
446 563 524 618 dedit
542 563 649 618 Icariae
668 562 797 618 Tritonia
814 561 908 618 Pallas

189 690 302 756 Vlixes
315 688 462 756 Eumaeo
480 693 513 755 et
530 690 703 774 Philoetio,
720 690 796 755 fidei
815 711 927 754 eorum
945 690 1137 758 industriae-

123 801 184 865 que
204 780 354 859 oonfisus,
374 781 430 864 qui
449 779 492 844 sit
510 779 642 846 reuelat
671 783 704 844 et
721 781 897 864 postquam
919 779 1007 844 facta
1028 781 1137 865 cogni-

122 868 170 933 tio
190 871 252 951 cst,
276 868 407 935 eaedem
430 889 602 953 procorum
625 889 684 954 pro
708 871 856 952 tempore
879 867 997 934 instrui
1020 869 1172 953 placeto

122 979 203 1041 quos
227 957 341 1022 Vlixes
364 961 438 1022 astu
462 958 665 1044 aggreditur,
690 961 728 1022 ut
750 957 859 1042 ipsum
882 978 1009 1041 quoque
1032 957 1137 1024 inten-

122 1045 225 1111 dendo
250 1067 359 1112 arcum
382 1047 468 1112 uires
493 1047 611 1112 seniles
635 1047 804 1132 explorare
827 1047 1002 1130 patiantur.
1041 1067 1136 1130 quem

121 1135 178 1198 uni
198 1135 359 1220 quondam
373 1135 463 1200 Vlixi
481 1136 610 1201 facilem
626 1135 741 1220 siquis
756 1134 947 1220 intenderet,
964 1134 1136 1200 habiturus

122 1227 208 1288 esset
230 1225 409 1307 praemium
428 1225 530 1309 ipsius
550 1225 732 1308 Penelopae
750 1223 946 1309 nuptiarum.
984 1224 1039 1288 sed
1062 1246 1135 1308 pro-

121 1311 309 1379 hibentibus
328 1314 448 1397 procis,
472 1335 512 1378 ne
530 1314 564 1378 id
582 1312 736 1378 ridiculus
751 1316 789 1377 et
807 1312 977 1377 mendicus
994 1313 1135 1396 auderet,
1156 1329 1188 1377 10

121 1401 207 1485 quod
227 1401 349 1468 frustra
367 1402 517 1468 iuuentus
536 1405 607 1466 tam
626 1402 729 1467 electa
747 1404 954 1484 temptasset,
977 1401 1034 1466 dat
1048 1400 1135 1467 Tele-

121 1489 255 1554 machus
279 1489 370 1556 Vlixi
399 1491 513 1556 ceteris
542 1490 761 1556 abnuentibus
786 1489 970 1575 experiendi
993 1493 1135 1574 potesta·

120 1582 195 1643 tem.
242 1581 275 1642 et
310 1578 387 1644 hinc
422 1581 568 1645 nascitur
604 1578 776 1644 admiratio
813 1599 955 1662 persona
995 1579 1137 1663 uirtutis,

121 1667 275 1732 dedecore
295 1689 352 1732 suo
372 1669 487 1733 ceteris
507 1667 784 1747 erubescentibus,
809 1688 946 1751 quorum
969 1667 1134 1752 ignauiam

121 1777 218 1820 senex
242 1759 275 1820 ct
298 1757 464 1822 mendicus
488 1759 640 1840 arguerit.
1157 1772 1187 1820 15

583 1965 667 2020 XXII.

227 2066 343 2145 (Αὐτὰρ
363 2068 379 2127 ὁ
399 2069 538 2143 γυμνώθη
558 2069 669 2143 ῥακέων
687 2068 841 2142 πολύμητις
856 2065 1027 2144 Ὀδυσσεύς)

228 2142 394 2213 squalentes
412 2143 538 2199 humeris
557 2143 670 2199 habitus
689 2143 789 2198 reiecit
806 2142 911 2200 Vlixes.

188 2270 298 2335 Vlixes
317 2271 389 2336 loco
408 2271 561 2337 ulteriore
576 2275 671 2354 capto
685 2269 826 2336 intendit
844 2292 955 2335 arcum
970 2271 1133 2338 omnibus-

121 2381 183 2444 que
205 2359 328 2424 foribus
352 2360 505 2438 occlusis
529 2382 570 2424 nc
588 2382 653 2445 qua
671 2363 799 2442 pateret
822 2359 991 2444 effugium,
1012 2360 1133 2444 pleros·
1235 2431 1239 2438 ,

121 2469 182 2532 que
205 2448 283 2513 uino
308 2448 433 2514 saucios
458 2453 516 2514 aut
536 2450 683 2514 nouitate
710 2448 758 2513 rei
786 2448 934 2532 stupidos
963 2452 1021 2512 aut
1043 2449 1169 2533 quid-5

120 2537 203 2601 libet
226 2537 315 2602 aliud
337 2537 531 2602 meditantes
550 2537 689 2602 conficit.
727 2535 963 2620 cumprimum
988 2539 1134 2603 omnium

118 2626 304 2692 confixisset
318 2625 509 2710 Antinoum,
528 2625 585 2711 qui
604 2625 738 2692 audacia
757 2630 790 2689 ct
808 2625 991 2708 petulantia
1008 2630 1133 2692 eeteros

120 2718 342 2800 superauerat,
374 2714 538 2780 Eumaeus
576 2718 608 2779 et
639 2713 853 2778 Telemachus
887 2717 920 2778 et
952 2713 1133 2780 Philoetius
1252 2783 1253 2786 ,

118 2804 257 2887 sumptis
286 2807 319 2868 et
345 2803 411 2888 ipsi
438 2805 538 2869 armis
566 2803 697 2888 egregia
723 2803 758 2866 in
786 2805 1013 2868 consternatos
1037 2804 1133 2869 caede

118 2896 318 2977 grassantur.
355 2893 485 2979 iamque
510 2892 661 2958 omnibus
685 2891 887 2976 interemptis
911 2892 1035 2958 duobus
1059 2895 1132 2958 tan·
1153 2906 1185 2955 10

118 2981 285 3046 tummodo
308 2982 465 3064 parcitur:
497 2981 631 3047 Phemio
655 2980 855 3064 citharoedo,
882 2981 938 3065 qui
960 2982 1133 3047 ministerii
1252 3067 1253 3072 ἵ

5 3219 7 3238 ,
189 3171 255 3225 xxi
274 3131 400 3244 ι’φρωι]
419 3173 541 3241 sacri
557 3168 735 3298 capsae
786 3169 989 3255 epnroaon
1037 3177 1133 3254 soon-
1252 3175 1253 3178 ‘

117 3244 229 3298 fixusP
282 3248 367 3313 bpro
385 3244 525 3315 tempore]
546 3244 605 3300 Pet
639 3245 742 3313 quletum
797 3247 920 3312 91ps1us
936 3241 1036 3312 Perper
1051 3246 1136 3298 rusP
1252 3267 1253 3308 3

155 3321 187 3370 11
206 3316 266 3369 tam
284 3313 360 3370 lecta
380 3313 507 3385 Vpoletuc
527 3318 531 3384 Ι
553 3314 728 3370 thelamacus
748 3315 777 3368 P
848 3318 882 3366 13
900 3329 1021 3383 persona
1039 3315 1068 3369 P
1083 3317 1132 3385 (aa
1252 3355 1253 3410 ,

117 3387 313 3456 personatur),
332 3386 423 3456 prima
447 3385 574 3456 Vpoletus

188 3473 267 3529 XXII
293 3481 306 3528 1
326 3490 377 3529 ora.
396 3473 425 3528 P
493 3481 510 3529 4
534 3473 654 3530 exclusis
672 3474 701 3528 P
771 3474 1018 3529 tconsternantes
1037 3475 1078 3528 Ρ·

118 3552 152 3601 10
169 3540 302 3618 g'sssntur
320 3546 349 3602 P
414 3552 446 3600 11
465 3545 597 3616 phoemio
616 3544 750 3615 cythardo
771 3545 800 3599 P

915 3633 969 3692 26*
