2540 3962
524 173 766 242 -192-

84 351 139 402 uu}
184 400 188 409 ⁸
446 329 533 385 xvn.
552 330 591 386 u.
606 328 830 384 nnromnvs.

135 441 216 506 Post
238 439 348 504 Marco
372 438 477 503 tutela
500 439 608 522 datur3
632 439 688 522 qui
711 437 794 502 scita
817 436 964 502 Platonis

180 527 286 593 Flexit
308 527 350 592 ad
372 527 557 611 imperium,
580 529 673 610 patre
694 524 755 591 Pio
778 525 902 590 melior.
1120 543 1159 592 ἰο

136 615 328 682 Successore
351 637 410 680 suo
434 616 589 699 moriens,
612 619 663 680 set
685 613 829 697 principe
852 635 967 698 prauo,

179 704 251 771 Hoc
275 704 344 770 solo
368 704 509 788 patriae,
532 703 619 788 quod
642 701 767 788 genuit,
790 702 910 768 nocuit.

83 881 140 930 [ars]
475 858 573 914 XVIII.
601 857 813 914 COMMODVS.

136 967 333 1036 Commodus
357 969 554 1054 insequitur,
577 968 696 1053 pugnis
721 967 905 1032 maculosus
928 968 1084 1053 harenae,

179 1056 390 1124 Thraecidico
412 1059 562 1141 princeps
586 1056 673 1121 bella
695 1077 829 1120 mouens
854 1055 972 1140 gladio.

135 1145 227 1212 Eliso
252 1145 382 1210 tandem
405 1145 594 1231 persoluens
618 1147 750 1230 gutture
772 1165 911 1229 poenas,
1122 1163 1158 1213 rc

181 1233 378 1298 Criminibus
400 1233 509 1298 fassus
533 1234 648 1298 matris
671 1232 873 1298 adulterium.

82 1409 140 1458 [sco]
386 1387 500 1444 XVIIII.
527 1385 686 1444 HELVIVS
706 1387 902 1443 PERTINAX.

135 1497 247 1581 Helui,
269 1497 387 1563 iudicio
411 1501 444 1562 et
466 1499 613 1562 consulto
636 1499 719 1562 lecte
742 1497 862 1581 senati,

180 1586 335 1670 Princeps
359 1585 495 1652 decretis
519 1585 660 1670 prodite,
682 1607 751 1650 non
773 1585 899 1651 studiis.

136 1673 228 1750 Quod
253 1674 357 1741 doluit
381 1674 464 1739 male
488 1674 554 1739 fida
576 1674 705 1759 cohors,
729 1695 837 1738 errore
859 1673 1011 1758 probato,

180 1762 278 1827 Curia
301 1761 388 1846 quod
411 1763 526 1828 castris
551 1766 693 1827 cesserat
716 1762 861 1846 imperio.
1121 1781 1158 1830 80

83 1939 141 1988 [ers]
441 1915 501 1974 XX.
525 1916 649 1973 DIDIVS
667 1917 851 1975 IVLIANVS.

136 2027 179 2093 Di
202 2029 297 2112 bene,
320 2027 406 2111 quod
429 2027 549 2111 sceptri
572 2025 687 2092 Didius
710 2048 777 2093 non
800 2026 922 2112 gaudet
943 2027 1062 2111 opimis

179 2115 226 2181 Et
249 2116 314 2181 cito
337 2115 466 2199 periuro
490 2116 637 2200 praemia
660 2115 813 2200 adempta
836 2115 914 2182 seni.

135 2204 260 2288 Tuque,
285 2203 402 2269 Seuere
425 2208 535 2288 pater,
558 2205 691 2268 titulum
714 2225 754 2268 ne
777 2206 928 2270 horresce
951 2206 1119 2269 nouantis.

180 2293 258 2358 Non
280 2292 367 2376 rapit
389 2292 562 2378 imperium
585 2292 636 2356 uis
659 2298 730 2376 tua,
754 2293 809 2357 sed
832 2292 958 2377 recipit

209 2439 242 2488 69
262 2431 313 2486 Iul.
333 2430 486 2500 Capitolini
504 2431 541 2485 M.
556 2431 622 2486 Ant.
636 2429 826 2500 Philosophus
844 2437 888 2498 27,
904 2438 919 2486 '1
939 2430 1079 2486 sententia
1093 2430 1155 2485 Pla·

135 2503 211 2558 tonis
234 2519 344 2572 semper
367 2501 397 2556 in
422 2519 470 2557 ore
493 2498 571 2556 illius
593 2500 650 2555 fuit
666 2501 765 2557 florere
785 2502 928 2570 ciuitates,
952 2500 977 2554 si
996 2502 1046 2556 aut
1063 2503 1156 2571 philo-

136 2575 219 2643 sophi
237 2575 409 2643 imperarent
427 2574 476 2628 uut
494 2572 664 2641 imperantes
682 2573 917 2642 philosopharent
951 2614 957 2628 .

207 2715 286 2771 xvn
308 2715 338 2769 M
359 2715 386 2770 V
402 2715 455 2771 .Μ.
478 2713 535 2770 PG
552 2712 665 2769 Marcus
679 2719 736 2770 cett.
754 2715 759 2784 Ι
775 2713 913 2769 Antonius
928 2713 986 2770 PG
1001 2713 1157 2784 imperator

136 2787 199 2843 cdd.
222 2786 280 2843 PG
294 2788 300 2855 Ι
315 2785 431 2842 Marcho
454 2785 496 2855 ΤΙ
512 2784 562 2854 qui
580 2785 664 2856 scita]
685 2785 814 2855 quaesite
829 2786 856 2839 Z
927 2791 943 2841 2
962 2785 1067 2858 Flexit]
1087 2786 1155 2840 Foe-

133 2854 173 2911 iix
195 2857 221 2910 Τ
237 2855 319 2982 {im
339 2857 377 2914 M
445 2855 536 2928 teet]
555 2856 599 2926 Vl
614 2856 715 2928 prauo]
734 2871 801 2930 spuo
821 2856 850 2910 Β
920 2857 1049 2929 4petrip
1070 2855 1156 2927 (patri

138 2943 215 2984 eroso
272 2935 283 2964 ⁸
1012 2931 1021 2946 '

208 2930 301 3053 ivm
314 2998 468 3067 imperator
481 2998 546 3052 odd.
565 2997 621 3054 PG
677 3004 690 3052 1
708 2998 841 3053 comorius
858 2997 902 3068 ΤΙ
918 3011 1019 3053 menae
1033 2996 1085 3051 oeB
1095 2997 1161 3054 ΤΜ

172 3074 188 3122 2
208 3068 385 3124 Threcidico:
405 3070 425 3123 h
443 3085 476 3122 eu
494 3086 508 3121 r
527 3083 595 3124 corr.
617 3069 644 3122 T
661 3068 849 3137 Threcidiquo
873 3067 909 3123 V¹
927 3067 1072 3124 'I'reoidico
1093 3069 1162 3124 PM

138 3140 143 3211 t
163 3140 239 3266 litia
256 3140 372 3266 mssbtni
384 3137 453 3263 'WB
503 3145 519 3193 3
538 3139 702 3209 persolbens
724 3139 768 3212 Vl
784 3142 885 3212 guture
903 3141 950 3208 ΣΙ
966 3155 1053 3210 penas
1072 3139 1102 3193 P

136 3217 154 3268 4
214 3228 260 3266 eus
339 3225 406 3264 asrs

36 3297 126 3354 VBP
208 3289 312 3346 XVIHI
331 3288 461 3345 Helinius
483 3288 511 3343 V
577 3289 705 3345 1Heliui
724 3289 751 3344 V
764 3290 769 3360 Ι
784 3287 887 3362 senati]
912 3286 984 3344 V¹P
1050 3289 1158 3346 tfida:

137 3368 175 3423 da
193 3379 226 3418 ee
244 3362 283 3436 de*
297 3363 326 3415 Σ
338 3363 343 3430 Ι
360 3363 481 3430 quohors
503 3359 539 3417 V¹
554 3361 560 3430 Ι
575 3362 693 3431 prouato
717 3359 754 3415 V¹

209 3440 260 3494 XX
272 3446 294 3494 Υ1
309 3439 357 3496 Dii
366 3441 394 3495 B
409 3440 455 3496 dic
464 3439 503 3512 ΡΙ
513 3438 630 3509 sceptris
643 3439 746 3497 Vcorr.
759 3441 858 3512 Peiper
867 3439 981 3498 sceleris
990 3440 1160 3496 BXceleris

138 3511 167 3568 P
179 3511 276 3583 spoliis
286 3513 417 3584 Lapdwn.
429 3511 432 3584 Ι
444 3512 511 3584 non]
525 3510 564 3580 qd
574 3511 602 3566 B
613 3511 616 3583 t
629 3511 744 3582 opimis:
760 3531 772 3567 s
783 3513 818 3569 ol.
829 3514 894 3570 auu.
904 3515 933 3568 Σ
975 3516 991 3567 3
1007 3527 1119 3568 orrescs
1136 3511 1163 3567 V
