2546 3962
516 207 760 272 —361-

134 368 329 453 liberalitas,
356 367 420 432 nisi
447 366 576 452 quando
605 367 758 432 cessauit:
790 370 840 449 tu,
867 365 1014 451 inquam,
1046 366 1148 432 indul-

135 457 324 544 gentissime
352 455 522 540 Gratiano,
549 460 588 520 ut
615 455 656 520 ad
683 455 948 520 benefaciendum
978 455 1084 521 subito
1113 476 1147 520 es
1162 473 1202 516 uo

133 547 310 631 necopinus
337 546 482 631 ingenio,
511 544 615 610 adhue
635 543 781 629 aliquid,
814 543 899 628 quod
927 544 990 610 hoc
1016 545 1147 610 nomine

133 635 215 700 mihi
246 638 444 722 praestetur,
477 633 632 698 inuenies.
677 633 844 697 inuenies?
881 633 928 698 sic
960 632 1147 698 intellexere

134 745 260 809 omnes,
284 724 331 789 sic
353 724 449 789 nobis
473 721 619 787 ordinem
643 722 712 806 ipse
736 721 856 805 fecisti,
879 722 926 788 sic
946 722 1069 787 amicus
1088 723 1146 787 deo

133 835 181 898 es,
204 817 242 878 ut
265 835 282 878 a
306 816 338 878 te
362 814 427 878 iam
450 811 661 896 impetratum
685 811 742 894 sit,
764 810 850 894 quod
874 813 1019 895 optatur,
1043 833 1062 875 a
1083 833 1146 896 quo

133 906 166 967 et
188 901 274 986 quod
297 901 441 968 nondum
465 904 630 984 optamus,
654 899 872 986 adipiscimur.
1161 918 1201 961 195

50 989 115 1095 ²¹13}
200 989 274 1056 VII.
296 989 342 1054 Et
364 1012 491 1056 rursum
514 989 632 1074 aliquis
657 988 776 1054 adiciet
800 992 856 1053 aut
875 1009 1023 1054 sermone
1046 987 1147 1056 libere

133 1083 190 1144 aut
213 1080 411 1164 cogitatione
439 1079 589 1143 liberius:
617 1099 725 1142 nonne
753 1077 831 1142 olim
855 1081 888 1142 et
911 1077 997 1161 apud
1020 1080 1147 1142 ueteres

133 1167 228 1232 multi
261 1167 403 1234 eiusdem
435 1166 523 1234 modi
557 1167 707 1232 doctores
739 1166 892 1231 fuerunt?
925 1188 968 1231 au
995 1169 1031 1232 tu
1059 1167 1147 1231 solus

133 1261 323 1341 praeceptor
338 1255 502 1342 Augusti?
525 1256 624 1320 immo
649 1275 709 1340 ego
733 1276 806 1319 cum
825 1255 936 1319 multis
956 1256 1147 1320 coniunctus

79 1363 113 1411 31
133 1345 255 1430 officio,
283 1345 340 1410 sed
367 1367 440 1411 cum
469 1344 674 1429 paucissimis
702 1348 844 1408 secretus
868 1343 1024 1427 exemplo.
1070 1345 1146 1410 nolo
1162 1364 1202 1404 roo

3 1429 4 1438 ’
134 1431 339 1499 Constantini
361 1438 546 1517 temporum
569 1437 682 1497 taxare
701 1431 858 1517 collegas:
882 1430 1036 1496 Caesares
1056 1432 1147 1498 doce·

133 1523 261 1588 bantur.
294 1523 462 1606 superiora
476 1521 675 1606 contingam.
708 1519 797 1584 diues
813 1518 942 1602 Seneca,
960 1541 1019 1585 nec
1037 1525 1148 1584 tamen

134 1611 262 1695 consul,
285 1615 440 1696 arguetur
462 1610 582 1675 rectius
606 1631 703 1694 quam
726 1609 967 1693 praedicabitur
988 1628 1055 1673 non
1076 1630 1147 1673 eru-

133 1699 231 1765 diisse
255 1699 398 1765 indolem
414 1698 572 1782 Neronis,
597 1699 653 1763 sed
672 1719 816 1763 armasse
837 1697 1017 1763 saeuitiam.
1050 1697 1148 1774 Quin-

132 1788 268 1854 tilianus
292 1789 474 1854 consularia
497 1810 556 1873 per
574 1785 776 1856 Clementem
800 1791 991 1853 ornamenta
1014 1788 1147 1852 sortitus
1162 1805 1201 1846 uos

133 1877 384 1944 honestamenta
410 1877 552 1942 nominis
579 1877 690 1960 potius
717 1875 847 1941 uidetur
877 1897 974 1960 quam
1004 1875 1148 1962 insignia

133 1966 307 2051 potestatis
330 1965 495 2032 babuisse.
532 1989 595 2050 quo
619 1965 715 2032 modo
735 1964 884 2030 Titianus
904 1964 1076 2050 magister„
1093 1964 1148 2030 sed

133 2057 297 2139 gloriosus
319 2055 388 2140 ille,
411 2054 641 2139 municipalem
656 2054 803 2118 scholam
818 2053 902 2138 apud
917 2052 1146 2119 Visontionem

2 2201 3 2244 ,
133 2144 392 2230 Lugdunumque
415 2144 571 2210 uariande
593 2165 661 2209 non
685 2146 792 2208 aetate
816 2141 977 2227 equidem,
1001 2143 1057 2207 sed
1075 2143 1147 2207 uili-

2 2249 3 2294 ]
35 2233 114 2341 ΧΠΒῙὲ
134 2236 202 2297 tate
226 2235 402 2299 consenuit.
443 2233 539 2299 unica
564 2233 646 2297 mihi
669 2235 703 2296 et
725 2231 950 2315 amplectenda
974 2235 1024 2296 est
1047 2231 1146 2296 Fron·
1161 2249 1201 2289 9ιο

133 2321 221 2388 tonis
253 2322 410 2388 imitatio:
444 2344 540 2408 quem
568 2325 679 2386 tamen
707 2319 852 2406 Augusti
879 2320 1071 2406 magistrum
1100 2321 1148 2386 sic

134 2411 323 2476 consulatus
347 2411 491 2495 ornauit,
518 2415 556 2477 ut
577 2410 872 2495 praefecturanon
896 2409 1050 2494 cingeret.
1091 2409 1147 2473 sed

133 2500 322 2566 consulatus
341 2499 398 2565 ille
417 2500 507 2565 cuius
527 2499 637 2564 modi?
662 2497 826 2565 ordinario
844 2498 1006 2581 suffectus,
1025 2498 1147 2563 bimen-

133 2589 193 2653 stri
208 2590 312 2673 spatio
330 2589 552 2672 interpositus,
571 2587 605 2653 in
620 2590 713 2652 sexta
727 2587 804 2652 anni
819 2590 911 2670 parte
926 2590 1146 2670 consumptus,

134 2678 351 2762 quaerendum
379 2683 416 2744 ut
438 2676 606 2762 reliquerit
633 2680 744 2741 tantus
772 2681 896 2761 orator,
927 2674 1044 2760 quibus
1073 2695 1200 2741 con-215

204 2857 258 2906 904
277 2851 440 2919 Quintilian.
459 2853 524 2908 inst.
543 2851 595 2906 1111
615 2869 657 2922 pr.
676 2857 692 2906 9
722 2850 757 2906 cl.
776 2851 889 2908 Sueten.
909 2849 1012 2906 Domit.
1033 2856 1066 2906 10

131 2963 345 2972 *-

134 3083 139 3095 Ι
162 3084 174 3138 t
192 3010 389 3138 1119οΤ9ιι191119
411 3012 437 3067 T
510 3017 559 3068 199
579 3011 712 3068 inuenies.
741 3009 867 3067 inuenies
888 3012 914 3066 Z
930 3009 1040 3066 iuuenis
1061 3009 1121 3066 Tell
1142 3009 1145 3081 Ι

132 3099 230 3140 mee

203 3153 255 3210 VII
286 3159 336 3208 190
361 3155 389 3210 91
408 3155 435 3208 Ζ
461 3156 491 3210 at
513 3157 558 3210 ael
580 3155 629 3211 sed
648 3155 809 3222 Acidaliae,
828 3172 863 3210 en
882 3154 966 3211 sico.
997 3151 1001 3222 l
1031 3150 1148 3206 adiiciat

132 3225 260 3296 Scuobcp
283 3225 399 3282 obiiciat
411 3225 559 3282 Acidaliae
615 3230 666 3282 198
684 3225 745 3282 eius
763 3225 880 3292 modio
936 3228 986 3279 199
1005 3222 1063 3278 imo
1079 3221 1148 3277 ΜΘ

168 3302 219 3354 901
244 3300 381 3367 ιιιιιοψ
409 3297 512 3353 taxabo
532 3298 559 3351 Z
629 3302 681 3352 909
705 3297 779 3369 ιςΤ
849 3301 902 3352 904
921 3292 1071 3377 sceuieiam
1093 3294 1119 3349 T
1123 3293 1149 3418 ἕ

131 3366 329 3438 quintillianus
349 3369 387 3424 M
456 3375 508 3424 900
528 3371 558 3424 et
576 3368 706 3423 Titianus
726 3367 789 3424 Tell
806 3369 836 3423 et
853 3383 904 3424 om.
922 3367 949 3422 Z
963 3364 967 3437 Ι
983 3364 1103 3419 tisianus

168 3445 221 3496 908
239 3439 346 3495 scolam
365 3440 434 3495 TM
504 3446 556 3496 909
575 3440 718 3512 equidem]
738 3439 881 3510 tequidem
901 3439 927 3494 T
953 3435 1066 3505 quidem
1087 3435 1113 3491 G

132 3517 184 3566 910
204 3512 233 3566 90
251 3512 278 3565 Ζ
294 3528 345 3567 cm.
364 3512 457 3568 Paris.
520 3517 570 3567 911
591 3511 644 3583 sic]
664 3510 690 3565 ei
708 3512 743 3566 M
801 3517 852 3566 919
870 3507 1075 3580 praefecturam
1096 3507 1145 3578 Pl

48 3631 57 3654 Χ
132 3583 182 3638 sed
201 3584 230 3639 et
248 3582 411 3639 consulatus
429 3582 490 3653 ipse
508 3583 658 3640 Acidaliae
729 3587 782 3637 910
801 3579 929 3638 bimestri
948 3582 975 3635 Ζ
991 3590 1098 3650 corno
