2546 3962
500 165 737 231 -356-

110 325 265 412 gnomina
292 323 480 390 felicitatis:
507 323 563 389 sed
592 324 658 390 alia
684 327 735 389 est
762 323 827 390 ista
850 323 987 389 materia
1010 327 1043 388 et
1066 346 1127 390 suo

109 417 225 499 parata
257 418 394 493 secreto,
427 418 505 480 cum'
528 413 688 497 placuerit
721 413 890 498 signanter
920 416 953 477 et
980 412 1127 478 breuiter

111 504 233 588 omnia,
261 524 342 587 quae
370 503 534 588 nouimus,
563 502 706 567 iudicare
732 523 792 568 nec
819 502 981 586 persequi,
1009 505 1046 566 ut
1069 503 1127 586 qui

110 595 271 657 terrarum
300 590 412 657 orbem
434 591 530 657 unius
553 591 686 658 tabulae
709 589 834 656 ambitu
857 591 1128 657 circumscribunt
1141 610 1168 650 cs

111 681 278 765 aliquanto
311 680 508 746 detrimento
542 680 791 766 magnitudinis,
827 679 919 745 nullo
956 679 1126 762 dispendio

58 784 91 833 10
109 769 268 834 ueritatis.
312 790 397 834 nunc
420 772 543 853 autem,
567 769 653 853 quod
676 769 740 834 diei
763 768 859 833 huius
882 767 1063 853 proprium,
1087 769 1127 832 de

110 859 281 924 consulatu
299 857 424 943 gratias
444 877 550 942 agam.
583 857 640 922 sed
658 861 855 942 procurrunt
873 860 906 921 et
921 855 1004 922 aliae
1020 856 1125 940 digni-

109 950 195 1012 tates
229 950 326 1030 atque
356 947 390 1011 in
418 967 531 1012 uocem
559 946 791 1032 gratulationis
823 950 998 1030 erumpunt
1025 967 1063 1010 ac
1093 967 1127 1018 se

59 1051 87 1098 11
110 1035 201 1120 prius
229 1034 345 1100 debere
372 1035 575 1119 profitentur.
621 1038 673 1100 tot
700 1034 820 1120 gradus
843 1035 973 1100 nomine
996 1035 1128 1100 comitis
1143 1055 1170 1094 ro

110 1127 244 1209 propter
266 1127 324 1188 tua
346 1123 547 1189 incrementa
566 1125 728 1210 congesti:
752 1146 792 1189 ex
814 1128 871 1189 tuo
892 1123 1008 1189 merito
1032 1128 1067 1187 te
1090 1144 1129 1188 ac

111 1218 203 1297 patre
231 1211 434 1297 principibus
462 1217 638 1297 quaestura
667 1213 847 1278 communis
871 1211 975 1277 sttui
998 1215 1129 1277 tantum

111 1301 315 1387 praefectura
338 1301 501 1386 beneficii,
524 1324 607 1386 quae
630 1305 664 1366 et
686 1303 759 1386 ipsa
780 1323 848 1367 non
871 1301 944 1365 uult
961 1301 1031 1366 uice
1051 1301 1128 1365 sim·

110 1391 186 1475 plici
220 1390 393 1476 gratulari,
425 1390 591 1456 liberalius
624 1390 730 1455 diuisa
761 1413 859 1474 quam
891 1390 1019 1456 iuncta:
1054 1411 1131 1454 cum

111 1484 278 1545 teneamus
306 1479 370 1545 duo
393 1480 570 1564 integrum,
597 1484 712 1544 neuter
740 1478 905 1544 desiderat
932 1482 1129 1563 separatum.
1145 1497 1172 1538 rs

177 1567 236 1633 III.
265 1566 329 1633 Sed
348 1567 419 1652 illa,
444 1571 481 1633 ut
498 1569 597 1652 poulo
617 1572 694 1634 ante
717 1568 867 1652 promisi,
890 1566 1058 1632 habebunt
1078 1567 1130 1632 sui

71 1657 92 1696 V
111 1657 254 1722 muneris
278 1657 439 1741 peculiare
459 1660 628 1722 secretum.
664 1657 851 1723 consulatus
872 1655 927 1721 hio
945 1678 1036 1722 meus
1056 1660 1131 1722 orat

62 1726 93 1774 ¹²
113 1750 211 1830 atque
239 1747 402 1831 obsecrat,
430 1750 467 1810 ut
490 1746 666 1812 obnoxiam
688 1745 749 1810 tibi
772 1746 829 1811 uni
853 1745 941 1811 sinas
964 1745 1035 1810 fieri
1059 1744 1130 1810 eius

113 1834 321 1920 dignitatem,
350 1856 446 1919 quem
474 1835 624 1900 omnibus
653 1833 848 1920 praetulisti.
890 1839 970 1918 quot
999 1833 1131 1918 quidem

61 1940 93 1990 13
113 1926 146 1988 ct
169 1925 239 2007 ipse
263 1923 327 1989 sibi
349 1923 477 1989 inuenit
500 1924 634 2010 gradus!
668 1945 741 1989 cum
765 1923 945 1988 clarissimo
969 1923 1040 1988 uiro
1065 1923 1172 1988 ool-so

113 2013 188 2098 lega
211 2034 284 2078 meo
306 2013 431 2078 honore
454 2015 659 2097 coniunctus,
686 2011 925 2096 nuncupatione
954 2013 1131 2097 praelatus,
1265 2007 1266 2014 '

112 2102 225 2168 consul
245 2123 315 2186 ego,
333 2103 511 2186 imperator
525 2100 683 2188 Auguste,
702 2123 833 2166 munere
851 2104 908 2166 tuo
927 2121 994 2166 nou
1012 2123 1131 2184 passus

113 2193 229 2274 saepta
246 2212 350 2274 neque
370 2211 530 2276 campum,
552 2212 618 2255 non
637 2191 800 2275 suffragia,
822 2212 888 2256 non
911 2195 1041 2275 puncta,
1064 2211 1132 2255 non

113 2280 250 2344 loculos:
280 2280 424 2363 quinon
447 2279 670 2363 prensauerim
692 2274 808 2345 manus
832 2300 893 2344 nec
916 2279 1132 2344 salutantium
1265 2339 1266 2364 ,

113 2367 268 2433 confusus
296 2389 431 2433 occursu
458 2372 516 2433 aut
543 2391 601 2434 sua
629 2368 742 2434 amicis
769 2368 903 2434 nomine
929 2388 996 2432 uon
1024 2366 1131 2432 reddi·
1145 2387 1175 2428 ee
1265 2399 1266 2416 1

114 2456 229 2542 derim,
263 2460 321 2521 aut
353 2458 459 2523 aliena
491 2457 715 2540 imposuerim:
747 2458 802 2541 qui
834 2456 940 2522 tribus
972 2477 1040 2521 non
1072 2455 1132 2521 cir·

113 2546 248 2629 cumini,
276 2546 438 2612 centurias
468 2568 535 2611 non
559 2546 703 2631 adulaui,
730 2546 857 2611 uocatis
881 2545 1040 2610 classibus
1064 2566 1133 2609 non

113 2635 279 2718 intremui,
310 2634 393 2699 nihil
416 2657 489 2701 cum
513 2639 679 2720 sequestre
703 2634 852 2718 deposui,
884 2656 957 2700 cum
981 2633 1133 2699 distribu-

113 2726 185 2787 tore
215 2724 261 2787 uil
288 2724 408 2809 pepigi.
444 2723 611 2789 Romanus
639 2725 793 2808 populus,
820 2723 959 2790 Martius
988 2745 1135 2808 campus,

186 2901 220 2952 62
239 2895 406 2954 foelicitatis
427 2897 453 2952 Τ
521 2904 556 2953 64
574 2914 626 2954 nec
647 2898 701 2954 PG
719 2913 810 2967 neque
829 2897 867 2952 M
924 2903 958 2952 66
978 2895 1134 2967 aliquando

115 2967 243 3040 Souobcy
316 2973 350 3025 68
370 2969 561 3024 consolatuG
634 2974 667 3024 69
687 2970 732 3041 ao]
756 2970 793 3024 ad
811 2969 838 3024 G
910 2974 943 3023 72
962 2972 1044 3038 parte
1064 2968 1091 3024 θ

115 3044 149 3094 78
168 3038 312 3095 beneficiis
334 3039 359 3093 Τ
430 3045 463 3094 78
483 3039 626 3095 desiderat
645 3045 667 3094 Z
685 3041 825 3096 desideret
845 3040 906 3096 Tull

186 3109 226 3165 III
246 3117 279 3167 76
299 3110 342 3165 sui
360 3112 483 3167 muneris
502 3127 553 3167 om.
569 3112 596 3166 Τ
656 3117 690 3167 78
709 3112 832 3167 obnoxui
852 3111 879 3165 Τ
938 3117 972 3167 79
991 3109 1135 3180 dignitate

118 3181 160 3254 ΤΙ
176 3183 247 3252 quot
263 3183 325 3237 Tell
343 3182 418 3252 quod
437 3183 471 3250 Z,
489 3184 595 3253 fiqutd
615 3183 729 3252 quidem
748 3186 778 3239 et
794 3183 887 3254 ipsum
905 3183 975 3251 quot
993 3181 1050 3238 sibi
1067 3181 1086 3236 i.
1106 3200 1135 3252 g.

153 3258 188 3308 80
207 3252 327 3322 inuenit]
346 3253 437 3308 iunxit
454 3255 555 3324 Haupt
609 3261 643 3311 82
662 3253 702 3309 mi
719 3255 754 3324 pi
776 3254 900 3324 Tlaug.
920 3254 947 3309 G
1002 3259 1037 3307 84
1055 3271 1136 3323 pres-

118 3325 239 3380 sauerim
260 3324 327 3378 PM
349 3340 554 3395 praemaueram
573 3326 599 3380 G
623 3329 628 3395 Ι
652 3327 824 3380 salutantum
842 3326 880 3379 M
948 3330 982 3380 88
1002 3325 1053 3379 aut
1070 3329 1137 3380 uate

118 3395 229 3467 aliena]
242 3399 275 3451 ut
294 3397 332 3450 M
350 3400 356 3466 Ι
380 3396 496 3452 obcuiui
515 3396 540 3449 T
592 3402 626 3453 87
646 3397 767 3468 uocatis]
786 3398 848 3453 iore
865 3396 975 3452 uocatis
993 3395 1137 3452 &mutus

132 3471 189 3592 088
208 3466 335 3593 qisposui
353 3468 469 3525 Schenkl
486 3483 560 3538 susp.
581 3469 585 3536 Ι
609 3467 756 3524 diribitorc
775 3469 842 3525 Por.
905 3472 940 3522 89
958 3467 1062 3538 pepegi
1083 3467 1110 3522 Τ
1129 3467 1133 3540 Ι

118 3556 132 3592 r
151 3556 186 3593 m.
