2532 3954
512 187 728 252 ...52-

62 451 120 504 [1941
259 431 321 487 1111.
347 429 644 486 larissensem
663 429 810 502 [PATER]
829 427 986 486 aaaron.

160 557 280 624 Astale
304 579 500 642 quamquam
522 557 639 622 uiceris
664 556 768 621 dictos
791 555 894 640 prius,

206 647 338 728 Patere,
361 645 451 711 fandi
474 644 608 710 nobilis:

159 736 297 819 Tamen,
320 733 405 818 quod
429 754 509 798 aeuo
532 731 673 797 floruisli
695 731 842 816 proximo

204 823 397 907 iuuenisque
420 825 454 887 le
476 821 543 885 uidi
568 842 691 903 senem,

159 911 294 977 Honore
318 912 461 975 maeslao
484 931 552 974 non
574 908 699 973 carebis
722 908 853 992 neniae,

204 999 328 1065 Doctor
349 1000 520 1082 polenium
542 997 717 1062 rhetorum.

160 1088 210 1153 Tu
233 1086 402 1152 Baiocassi
426 1086 526 1170 stirpe
549 1084 745 1150 Druidarum
769 1088 871 1169 salus,

206 1174 241 1241 si
263 1176 351 1240 fama
372 1196 441 1239 non
463 1173 549 1238 fallit
572 1173 682 1258 fidem,

161 1264 274 1330 Beleni
297 1266 458 1328 sacratum
482 1261 572 1327 ducis
596 1282 613 1324 e
637 1261 760 1346 templo
784 1280 899 1346 genus,

206 1352 251 1417 Er
273 1351 348 1417 inde
370 1351 465 1416 uobis
489 1350 637 1415 nomina:

161 1440 236 1505 Tibi
258 1439 408 1505 Paterae:
432 1440 479 1504 sic
501 1439 669 1505 ministros
692 1441 881 1521 nuncupant

206 1526 412 1612 Apollinares
436 1526 574 1611 mystici.

161 1615 270 1681 Fratri
292 1616 443 1700 patrique
465 1636 586 1681 nomon
609 1637 629 1680 a
652 1614 784 1681 Phoebo
809 1613 920 1679 datum

204 1704 357 1787 Nataque
380 1703 419 1766 de
442 1702 578 1787 Delphis
601 1706 669 1768 luo.

161 1791 320 1857 Doctrina
342 1790 425 1856 nulli
447 1795 540 1856 tanta
562 1791 598 1855 in
620 1791 679 1856 illo
701 1794 848 1875 tempore

207 1879 394 1965 Corsosque
416 1882 467 1944 tol
489 1878 581 1944 fandi
603 1883 636 1944 el
658 1883 765 1944 rotae:

160 1967 299 2052 Memor,
323 1967 477 2053 disertus,
499 1967 605 2033 lucida
627 1967 794 2049 facundia,

207 2055 347 2141 Oanore,
369 2057 459 2122 cultu
480 2056 661 2140 praeditus,

162 2143 293 2210 Solibus
316 2144 482 2210 modestus
505 2144 581 2209 felle
604 2145 697 2210 nullo
720 2143 863 2228 perlitis,

206 2232 285 2297 Vini
308 2233 436 2318 cibique
460 2233 654 2318 abstemius,

161 2321 297 2402 Laetus,
319 2320 468 2407 pudicus,
488 2322 635 2406 pulcher,
658 2321 694 2386 in
717 2321 806 2386 senio
831 2342 956 2406 quoque

206 2409 345 2493 Aquilae
371 2414 408 2475 ul
432 2413 578 2476 senectus
603 2413 661 2474 aul
683 2409 765 2495 equi.

188 2617 242 2672 1111
269 2636 354 2672 sarrs
381 2617 408 2672 V
428 2617 478 2674 del.
505 2616 620 2673 Vinctus
643 2620 648 2687 Ι
672 2637 777 2674 munos
804 2617 867 2743 Va
893 2618 982 2673 metro
1010 2617 1133 2674 iambico

118 2688 208 2745 maior
230 2687 340 2744 senario
363 2686 455 2743 minor
477 2689 654 2757 quaternario
673 2690 709 2744 ul.
729 2705 814 2760 morq.
955 2693 970 2742 1
989 2687 1089 2745 doctos
1111 2689 1139 2745 V

118 2775 188 2815 corr.
212 2759 327 2814 Vinctus
399 2760 554 2813 omasslcr
574 2775 589 2814 e
607 2760 672 2815 odd.
691 2761 728 2816 cl.
752 2759 780 2814 V
848 2758 1026 2814 6rhelorum
1050 2759 1077 2814 V

120 2845 303 2917 ‘lbagocassi
325 2845 437 2902 Vcorr.
459 2846 590 2908 Pithoeus
608 2845 764 2902 Baiocassis
785 2846 899 2902 Vinctus
971 2833 1082 2902 sums
1110 2845 1138 2900 V

156 2922 188 2970 11
215 2916 255 2971 sic
273 2916 405 2987 Laudem
434 2916 460 2970 si
484 2917 512 2972 V
581 2922 613 2972 12
642 2917 806 2988 apollinaris
828 2917 857 2973 V
879 2933 948 2973 corr.
972 2916 1133 2988 Heium!

118 2987 267 3042 mistioiV
354 2993 386 3042 18
409 2987 477 3043 fatri
499 2986 610 3044 Vcorr.
629 2989 761 3060 Incedere.
845 2993 879 3043 14
897 3005 969 3056 quae
993 2989 1020 3044 V
1101 2993 1136 3042 16
1253 3057 1254 3074 ᾖ

119 3127 272 3180 cursusque
294 3109 408 3167 rolandi
431 3112 461 3166 et
478 3112 541 3167 rota
563 3112 591 3167 V
605 3128 674 3168 corr.
694 3111 817 3184 Scaliqer
834 3118 860 3180 1,
878 3117 896 3168 9
971 3117 1002 3167 1⁷
1023 3071 1138 3168 disertis

119 3201 147 3268 (v
166 3200 214 3269 ol.)
239 3199 266 3254 V
354 3204 387 3254 18
407 3215 502 3254 carere
526 3200 553 3256 V
573 3185 1136 3270 corr.Seols'9er1,9lcult1chosr.

118 3269 251 3340 Luqdms.
313 3275 346 3325 19
365 3268 464 3352 salibu'
481 3271 526 3340 (ns
545 3273 599 3398 alg
616 3271 643 3326 V
706 3277 740 3326 21
760 3285 871 3340 quoque
888 3272 921 3325 ui
939 3273 982 3336 (ut
999 3271 1037 3326 ol.
1056 3273 1135 3342 aud.)

126 3339 153 3394 V
222 3347 256 3398 22
272 3339 401 3414 [sfiqmle
421 3342 463 3410 (ut
482 3357 559 3411 ersa,
617 3344 654 3397 al.
673 3357 707 3397 ec
726 3344 754 3412 a)
779 3341 804 3396 V
820 3358 889 3398 corr.
908 3341 1060 3399 LMsellcr.
