2532 3954
532 187 753 252 ..50-

138 345 340 430 Quamquam
360 344 487 410 heredis
507 366 615 430 egens,
633 346 684 410 bis
705 367 760 411 sex
779 346 1000 431 quinquennia
1013 349 1162 437 funerus,

182 433 294 499 Fletus
319 455 353 497 es
377 455 397 497 a
417 433 512 499 nobis
534 438 572 499 ut
594 437 689 517 peter
712 437 745 498 ei
767 435 902 499 iuuenis.

135 522 183 588 Et
205 543 304 606 nune,
327 522 396 586 siue
419 521 541 624 aliquid
564 526 641 607 posi
662 522 733 587 fetu
755 526 899 588 extreme
922 525 1071 612 superfit,

181 610 276 676 Viuis
300 609 404 675 sdhuo
428 632 512 694 seur,
536 610 622 695 quod
645 611 756 694 periit,
779 611 970 679 meminens:
1122 633 1160 683 40

137 697 214 765 Siue
236 698 321 764 nihil
345 703 490 782 superest
511 721 572 764 neo
593 698 718 765 habent
740 700 840 784 longa
862 703 931 766 otiu
954 723 1083 785 sensus,
1122 695 1124 700 ’

181 788 231 853 Tu
254 788 315 852 tibi
338 787 465 852 uixisti:
488 809 548 852 nos
571 790 629 852 tue
651 787 739 852 famu
761 788 861 853 iuuet.

89 981 146 1030 [res]
262 960 296 1014 ΙΙ.
316 959 455 1016 LATINV
456 960 475 1014 S
493 959 651 1016 ALCIMVS
670 960 854 1017 ALETHIVS
871 961 1028 1020 RHETOR.

182 1086 252 1153 Neo
275 1109 327 1152 me
350 1089 485 1171 nepotes
508 1087 602 1172 impii
625 1087 749 1153 silentii

227 1176 331 1241 Reum
355 1176 499 1260 ciebunt,
521 1176 663 1259 Alcime,

181 1264 355 1351 Minusque
378 1264 525 1349 dignum,
547 1286 614 1329 non
637 1268 671 1329 ei
693 1265 832 1330 oblitum
854 1266 960 1331 ferent

227 1352 316 1418 Tuae
339 1353 524 1418 ministrum
548 1353 735 1435 memoriae,

181 1439 328 1526 Opponii
349 1463 450 1506 unum
473 1463 569 1527 quem
591 1440 670 1506 uiris
692 1441 856 1525 prioribus

225 1529 327 1595 Aetas
352 1531 491 1595 reseniis
513 1529 680 1613 temporis.

180 1617 312 1683 Palmae
334 1617 473 1683 forensis
497 1622 531 1683 et
554 1639 758 1684 camenarum
782 1615 892 1702 decue,

225 1706 401 1790 Exemplar
422 1729 525 1771 unum
547 1707 583 1772 in
605 1706 737 1788 litionis,

182 1793 270 1870 Quas
295 1798 353 1860 aui
374 1793 514 1860 Athenis
538 1795 634 1860 doota
657 1795 759 1860 coluit
781 1793 930 1878 Greeoiu,

225 1882 294 1947 Aut
316 1881 423 1947 Roma
444 1905 503 1967 per
524 1882 656 1948 Latium
680 1883 768 1948 colii.
1121 1903 1157 1953 10

180 1969 330 2036 Moresne
355 1971 448 2036 fabor
472 1975 505 2037 ei
526 1976 673 2037 tenorem
695 1971 829 2056 regulae

225 2057 278 2125 Au
298 2082 400 2144 usque
422 2061 510 2125 uitae
532 2059 731 2125 terminum?

181 2147 274 2223 Quod
296 2148 391 2215 leude
414 2148 532 2232 clarus,
557 2147 642 2232 quod
666 2155 817 2231 operosus
840 2146 960 2213 liiterie

225 2235 362 2302 Omnem
384 2237 535 2323 refugisii
559 2235 742 2302 ambitum?

179 2324 225 2390 Te
247 2347 342 2390 nemo
366 2326 498 2410 grauior
520 2325 573 2389 uel
596 2325 661 2390 fuit
675 2323 785 2390 ¹comis
808 2325 914 2409 magis
1120 2345 1156 2394 15

224 2414 294 2478 Aue
316 2413 461 2478 liberalis
484 2413 621 2499 indigis,

179 2502 296 2567 Denda
319 2503 438 2586 salute,
462 2500 490 2566 si
512 2501 618 2568 forum
641 2523 693 2567 ree
716 2504 876 2586 posceret3

225 2590 340 2657 Studio
364 2591 513 2673 docendi,
536 2591 565 2654 si
588 2589 743 2656 scholam.

178 2678 301 2744 Viueni
323 2701 381 2764 per
405 2701 534 2744 omnem
557 2682 763 2763 posterorum
786 2678 989 2763 memorium,

224 2768 312 2845 Quos
335 2771 372 2832 tu
395 2789 505 2833 seorue
528 2767 635 2832 famae
658 2767 758 2832 debas
1118 2785 1153 2835 20

206 2931 239 2981 37
258 2926 403 2993 tamquam
423 2923 450 2978 V
466 2940 535 2980 corr.
557 2923 618 2980 Tou
632 2926 639 2994 Ι
654 2923 743 2979 eredis
767 2923 804 2977 Vl
877 2927 910 2978 38
929 2922 1010 2979 nobis
1030 2925 1060 2994 (b
1080 2941 1114 2980 ero
1133 2943 1153 2979 u

131 2994 239 3066 prr-W
307 3001 341 3049 42
359 2994 440 3049 iubet
461 2993 489 3048 V

205 3083 232 3138 II
253 3099 365 3137 morsus
385 3085 465 3153 (corr.
484 3083 629 3153 Iarqduo.)
648 3086 673 3137 et
690 3099 793 3135 nereos
812 3080 856 3149 V!
874 3085 901 3135 Γ
915 3083 1006 3136 metro
1025 3082 1152 3138 iambico

132 3156 170 3212 ol.
189 3170 275 3226 moro.
300 3152 327 3207 V
396 3160 413 3208 4
431 3154 562 3209 ministri
581 3155 607 3223 (⁸
623 3169 677 3223 pro
698 3153 723 3221 a)
741 3151 768 3206 V
828 3158 844 3206 6
862 3151 992 3224 ressensis
1011 3156 1038 3224 (e
1057 3169 1091 3209 eor
1110 3157 1152 3224 tr)

139 3280 165 3334 V
249 3277 391 3334 eutherio
415 3277 441 3331 V
517 3282 548 3331 11
568 3277 649 3332 fauor
671 3276 697 3330 V
717 3293 802 3346 musy.
826 3221 849 3360 ᾖ
873 3276 902 3345 (i.
921 3276 1000 3346 rori)
1018 3275 1046 3330 V
1116 3283 1151 3334 13

133 3405 265 3472 operatus
283 3402 368 3470 Sebis.
387 3402 502 3472 paratus
525 3400 552 3455 V
632 3400 810 3456 161iueralis
834 3361 861 3454 V
926 3403 959 3454 18
979 3399 1015 3454 si:
1033 3399 1046 3453 i
1064 3401 1101 3455 ol.
1127 3399 1154 3454 V

169 3478 204 3526 20
232 3475 358 3528 socrates
385 3475 477 3528 famae
506 3471 555 3540 das
578 3472 605 3526 V
628 3488 696 3527 corr.
724 3472 874 3542 Goropiuu
902 3471 1019 3526 sacrasti
1044 3469 1150 3526 litteris

132 3542 249 3599 Schenkl
