2538 3964
526 127 819 242 --389-1

586 349 699 404 XVIIII.

291 443 367 523 ’Huic¹
380 445 433 518 μὲν
452 442 645 515 κροκόπεπλος
663 441 716 502 ἀπ’
735 443 880 503 Ὠκεανοῖο
899 443 993 519 (torino

294 519 436 574 Oceanum
455 517 563 573 interea
581 535 697 588 surgens
715 519 825 573 Aurora
842 519 964 588 reliquit.

201 645 347 713 Achilles
376 645 475 710 armis
499 645 691 710 caelestibus
716 667 777 730 ope
801 645 940 712 Vulcani
963 650 996 712 et
1018 670 1150 714 munere

132 738 249 802 matris
272 735 456 801 instruitur.
492 733 567 799 dein
586 731 785 800 Graecorum
805 735 1004 819 primoribus
1023 738 1058 800 in
1076 759 1150 803 con·

133 826 246 891 cilium
277 823 403 889 uocatis
432 821 634 888 iracundiam
662 822 723 888 sub
751 823 930 889 abolitione
957 823 1091 908 deponit
1118 831 1187 892 eto

132 914 303 999 promissis
334 913 375 977 ab
398 932 475 997 rege
498 912 686 976 muneribus
710 933 820 978 coram
843 913 994 979 contione
1017 913 1150 981 dilator.

133 1009 203 1068 tum
232 1001 393 1067 militibus
421 1001 530 1066 cibum
554 1021 668 1083 capere
691 1001 788 1066 iussis
811 1002 882 1087 ipse
905 1002 1057 1068 abstinet
1102 1004 1147 1068 in·

132 1092 218 1157 festo
242 1090 356 1157 deinde
378 1093 478 1175 atque
495 1091 621 1154 intento
641 1090 782 1155 exercitu
801 1091 910 1178 pergit
927 1091 964 1155 in
982 1091 1151 1176 proelium.

613 1281 672 1337 XX.

267 1373 318 1442 ‘Iac
335 1375 366 1433 οἱ
382 1376 435 1447 μὲν
453 1375 532 1448 παρὰ
551 1377 635 1447 νηυσὶ
653 1381 787 1450 κορωνίσι
804 1376 997 1449 θωρήσσοντο.

203 1503 210 1512 ,
275 1453 391 1518 Iamque
410 1448 480 1504 adeo
500 1449 583 1502 celsis
602 1449 706 1504 armati
725 1465 739 1504 e
758 1450 878 1505 nauibus
896 1452 978 1506 ibant

273 1520 368 1586 Milia,
387 1522 456 1588 quot
474 1520 585 1590 magnis
603 1537 737 1590 umquam
756 1536 860 1576 uenere
878 1520 1010 1591 Mycenis.

199 1649 246 1715 Vt
273 1647 411 1731 integris
441 1646 611 1711 amborum
640 1647 739 1731 copiis
769 1648 855 1712 inter
881 1651 1036 1733 utrosque
1064 1670 1151 1714 exer·

130 1741 216 1806 citus
238 1757 351 1823 pugna
374 1736 564 1800 conseritur.
596 1735 671 1800 dein
693 1736 856 1820 permissu
874 1736 962 1802 Iouis
984 1738 1019 1801 in
1038 1742 1148 1822 partes
1168 1754 1185 1802 s

131 1830 265 1902 deorum
295 1823 403 1890 studia
430 1822 634 1908 diuiduntur,
666 1846 740 1890 cum
766 1846 825 1910 pro
853 1824 985 1891 Graecis
1008 1825 1088 1893 Iunc
1118 1830 1150 1892 et

131 1918 280 1983 Minerua
308 1913 508 1978 discederent
535 1935 640 1998 neque
669 1914 800 2000 segnius
833 1935 888 1980 eos
916 1914 1090 2000 Neptunus
1119 1920 1151 1980 et

131 2005 312 2072 Mercurius
347 2006 380 2068 et
407 2002 574 2068 Vulcanus
608 2002 808 2081 adsererent,
840 2001 1000 2069 Troianos
1029 2003 1149 2089 Apollo

131 2117 205 2161 oum
223 2093 352 2160 Venere
376 2094 410 2156 et
426 2091 535 2157 Diana
557 2113 631 2157 cum
655 2096 768 2171 matre,
792 2091 881 2158 Mars
906 2093 1005 2158 etiam
1024 2098 1057 2159 et
1076 2115 1149 2159 cum

131 2206 169 2249 eo
190 2181 385 2250 Scamander
409 2180 610 2246 adiuuarent.
646 2185 717 2246 tum
737 2185 770 2245 ct
788 2179 934 2246 Aeneam
952 2181 1001 2247 dis
1021 2186 1054 2248 et
1072 2183 1149 2248 uiri·
1170 2199 1204 2248 10

130 2273 192 2337 bns
220 2270 342 2356 iniquis
372 2292 446 2335 cum
469 2268 596 2334 Achille
625 2289 836 2354 congressum
861 2292 1057 2355 quamquam
1082 2274 1150 2337 stu·

131 2361 211 2425 dens
235 2359 368 2424 Graccis
391 2359 477 2423 nube
501 2359 736 2425 circumdatum
758 2357 930 2443 Neptunus
955 2361 1081 2444 eripuit.

135 2465 349 2478 ,,-...,...--

204 2497 309 2552 XVIIII
327 2503 343 2551 2
363 2495 469 2565 Vergil.
488 2498 514 2550 A
532 2496 584 2550 1111
604 2501 655 2551 129
683 2495 723 2550 XI
743 2504 767 2552 1.

203 2568 254 2623 XX
272 2575 288 2623 3
307 2564 413 2636 Vergil.
433 2568 458 2621 A
476 2565 567 2622 11331
589 2567 669 2621 milia
687 2571 810 2636 quot-
828 2567 960 2636 Mycenis.

204 2646 239 2696 10
265 2637 373 2709 Vergil.
392 2638 418 2690 A
436 2637 462 2693 V
480 2642 533 2692 809
560 2637 676 2693 Pelidae
702 2641 770 2693 tunc
798 2655 851 2708 ego
874 2637 942 2694 forti
970 2656 1150 2710 congressum

132 2712 246 2767 Aenean
270 2725 321 2765 nec
346 2706 388 2764 dis
409 2725 461 2764 nec
478 2708 587 2764 uiribus
606 2707 703 2777 aequis
721 2709 795 2764 nube
814 2725 884 2764 caua
903 2709 991 2780 rapui.
1010 2711 1044 2765 cl.
1064 2710 1077 2765 I
1097 2717 1148 2767 145

130 2785 213 2852 inpar
231 2796 396 2852 congressus
415 2779 528 2834 Achilli.

202 2905 308 2960 XVIIII
328 2910 342 2958 1
358 2898 410 2958 ἀπ’
423 2898 492 2976 aa]
509 2902 836 2976 aucokclaaoroaoawaP
877 2911 893 2960 3
908 2906 1036 2978 munere]
1047 2905 1148 2962 miner-

131 2993 185 3103 ηοξ
199 2974 392 3118 anaspia]
413 2992 493 3030 snam
512 2975 673 3031 Gcmcouics
727 2976 873 3032 edicatur
886 2976 916 3033 P
968 2977 1106 3033 linteata
1121 2977 1150 3031 P

201 3153 253 3208 XX
273 3159 287 3208 1
307 3170 343 3208 wc
358 3169 439 3208 onim
452 3169 535 3208 sarar
548 3171 622 3224 rayca
636 3154 917 3226 nororcrelcoancoano
928 3155 956 3209 P
1005 3159 1021 3208 2
1041 3130 1148 3208 armatd

131 3237 506 3317 nuulb’raomuaauus
521 3261 633 3330 (armas
648 3261 787 3331 νροικω)
823 3261 924 3329 equos
937 3259 1036 3330 νοσοῖ.
1049 3259 1144 3341 ,ᾳςνκ

131 3333 202 3389 neni
220 3332 249 3386 P
283 3331 425 3401 moecynis
445 3332 473 3386 P
529 3332 604 3386 4Vt
622 3331 660 3386 1²·
683 3332 722 3386 At
744 3330 870 3402 Vpoletcs
931 3336 1104 3401 tpermmaa
1122 3330 1151 3385 P

167 3409 253 3474 tpro
285 3401 361 3474 pP¹
417 3402 572 3459 'Idecedet
590 3402 619 3456 P
635 3419 704 3458 corr.
713 3402 812 3472 Peiper
874 3402 1066 3458 8aaserercnt
1086 3401 1114 3455 P

131 3475 260 3544 9dyana
278 3473 328 3545 ΡΙ
354 3473 441 3545 Mars]
461 3491 522 3528 mas
542 3474 571 3527 P
641 3479 675 3529 10
693 3477 755 3529 tum
774 3477 803 3528 et
821 3473 859 3528 P·
878 3474 908 3528 et
925 3488 975 3530 οκο.
994 3472 1145 3545 Vpoletccl

130 3546 185 3618 dis]
206 3541 255 3600 diri
274 3545 303 3599 P
375 3550 407 3599 12
427 3544 621 3600 circundatum
642 3546 670 3599 P
