2540 3962
516 201 755 266 -263-

125 362 252 446 Pompa
275 361 339 427 loei
363 363 395 426 et
417 361 494 424 uani
516 365 645 426 fucatur
669 383 785 426 scaena
807 362 946 429 timoris.

125 451 216 516 Haeo
239 450 316 515 olim
343 448 534 534 genitorque
557 453 633 514 tuus
658 451 869 534 genetrixque
893 453 995 516 secuti

126 538 277 607 Securum
302 537 430 622 placido
454 537 536 602 mihi
558 539 756 623 permulsere
780 542 952 605 senectam.

125 628 175 692 'Pu
199 628 337 712 senium,
361 627 583 711 quodcumque
608 627 891 712 superlabentibus
915 629 1008 693 annis
1107 643 1140 694 35

124 716 209 782 Fata
232 715 371 800 dabunt,
395 715 450 800 qui
472 723 593 780 nomen
617 716 672 781 aui
693 717 795 801 geris,
818 717 927 782 indole
950 717 1071 802 prima,

125 805 234 870 Prime
256 826 372 888 nepos,
395 804 448 868 uel
471 825 505 868 rc
528 804 581 868 uel
605 825 661 888 spe
685 804 766 869 mihi
787 826 889 890 porge
912 805 1092 871 fruendum.

124 893 220 959 Nunc
244 913 304 978 ego
328 897 361 958 te
384 913 532 977 puerum,
556 913 631 958 mox
654 894 689 957 in
711 893 916 959 iuuenalibus
942 895 1034 960 annis

128 982 260 1066 lamque
282 981 389 1046 uirum
411 1002 556 1062 cernam,
579 981 607 1045 si
630 981 698 1046 fors
721 983 769 1048 ita
792 982 934 1068 iusserit3
960 987 1017 1047 aut
1040 983 1068 1049 si

124 1069 256 1134 Inuidia
279 1074 345 1154 est,
367 1069 505 1153 sperabo
528 1073 652 1154 tamen,
676 1091 734 1136 nee
758 1074 836 1136 uota
858 1071 1025 1157 fatiscent,
1106 1088 1141 1137 40

124 1157 171 1223 Vt
192 1159 296 1242 patris
321 1163 418 1243 utque
441 1159 506 1222 mei
529 1179 595 1222 non
619 1159 777 1224 inmemor
801 1159 902 1224 ardua
925 1159 1064 1245 semper

125 1246 275 1312 Praemia
299 1267 466 1312 musarum
490 1247 600 1329 cupias
623 1246 781 1312 facundus
803 1243 838 1312 et
861 1248 940 1313 olim

124 1335 196 1400 Hae
219 1334 369 1421 gradiare
392 1335 461 1417 uia,
484 1356 548 1418 qua
570 1356 629 1399 nos
652 1337 888 1419 praecessimus
911 1340 945 1400 et
967 1338 1019 1401 oui

123 1423 302 1489 Prooonsul
326 1423 467 1508 genitor,
489 1423 674 1508 praefectus
698 1426 875 1489 auunculus
899 1426 1032 1490 instant.

123 1511 273 1597 Perlege,
298 1512 521 1597 quodcumque
545 1515 595 1576 est
617 1513 834 1577 memorabile.
867 1513 973 1597 prima
990 1515 1140 1580 monebo.

124 1598 282 1667 Conditor
304 1600 424 1666 Iliados
449 1605 482 1664 et
505 1600 656 1666 amabilis
680 1622 755 1665 orsa
778 1600 948 1666 Menandri
1104 1619 1140 1670 46

122 1689 316 1754 Euoluenda
339 1689 413 1754 tibi:
442 1692 478 1754 tu
500 1689 586 1754 flexu
609 1693 642 1752 et
665 1690 812 1754 acumine
835 1690 925 1756 uocis

122 1778 313 1843 Innumeros
336 1799 489 1843 numeros
513 1777 616 1843 doctis
641 1777 828 1843 accentibus
852 1779 930 1844 effer

122 1866 343 1951 Adfectusque
366 1865 486 1949 inpone
509 1865 630 1951 legens.
668 1866 835 1932 distinctio
860 1888 991 1932 sensum

123 1954 235 2040 Auget
257 1959 290 2020 et
312 1955 443 2041 ignauis
466 1954 546 2020 dant
568 1955 745 2020 interualla
766 1955 924 2041 uigorem.
1105 1973 1139 2023 eo

122 2043 300 2127 Ecquando
323 2045 389 2108 ista
412 2065 503 2110 meae
528 2045 719 2129 contingent
740 2044 825 2109 dona
847 2044 1018 2110 senectae?

194 2188 227 2237 32
247 2185 277 2237 et
294 2182 374 2240 luani
392 2181 414 2252 (l
432 2183 495 2252 del.)
516 2182 560 2252 Τ1
581 2181 693 2237 fucatur
713 2182 741 2236 P
761 2182 876 2254 fugatur
898 2182 925 2238 V
943 2182 1069 2253 fugiatur
1088 2183 1115 2236 Z
1134 2183 1137 2254 1

121 2289 226 2359 scena]
245 2289 272 2344 c
326 2294 360 2343 ee
379 2291 421 2344 eve
439 2287 475 2345 re
491 2291 496 2358 l
512 2289 653 2361 genetrix]
673 2287 728 2346 Vc
747 2289 870 2360 genitrix
886 2287 976 2343 Pru
992 2290 997 2357 l
1013 2265 1105 2357 sture
1117 2288 1144 2343 V

159 2365 194 2416 34
212 2359 279 2414 mici
297 2358 340 2429 71
355 2360 528 2429 permulcere
550 2359 607 2434 PL
623 2362 627 2429 1
644 2362 782 2416 senellam
801 2360 830 2415 P
888 2365 923 2416 35
941 2361 1140 2428 quodqumque

123 2430 166 2492 ,7ι
184 2431 369 2501 quodcunque
388 2429 445 2486 PL
517 2437 551 2486 36
570 2429 619 2487 abi
641 2430 693 2500 71
723 2431 841 2486 cerisP
912 2436 945 2486 37
964 2447 1053 2500 nepus
1075 2430 1137 2503 Ρ“1

121 2537 170 2591 bel
189 2552 238 2606 epe
261 2536 305 2607 71
325 2553 412 2606 perge
436 2536 494 2591 VP
562 2542 597 2592 88
615 2535 645 2590 in
664 2553 714 2594 om.
731 2537 760 2591 P
774 2539 778 2608 1
793 2502 950 2591 iuuendbue
973 2535 1001 2591 V
1024 2535 1139 2592 iuuena-

121 2607 196 2662 libus
216 2607 256 2662 P·
272 2607 443 2663 iuuenilibus
462 2607 520 2662 01)
538 2607 687 2663 iuuenibus
708 2608 734 2662 Τ
804 2612 838 2665 39
857 2623 908 2662 om.
929 2606 957 2660 P
976 2607 981 2677 1
1000 2607 1069 2661 uiris
1090 2608 1117 2663 T
1134 2609 1137 2680 1

120 2692 209 2770 sorita
227 2715 251 2784 (s
270 2715 319 2785 ul.)
339 2713 367 2770 V
381 2713 521 2769 forsitaG
539 2713 633 2768 forsan
650 2715 675 2768 Τ
692 2716 721 2785 (n
739 2730 773 2769 erc
791 2731 820 2767 m
835 2715 903 2783 pa),
921 2713 948 2767 L
964 2713 970 2787 1
984 2712 1097 2770 iusserit
1114 2714 1141 2770 G

121 2784 226 2840 luxerit
240 2783 277 2838 V¹
296 2784 398 2840 uixeris
411 2786 437 2839 Τ
451 2783 563 2840 iusseris
577 2783 604 2837 L
620 2786 625 2854 1
641 2786 691 2840 aut
709 2784 745 2840 si:
765 2785 815 2840 out
833 2784 856 2839 si
874 2788 906 2839 ic
919 2801 975 2840 ras.
987 2801 1041 2853 pro
1059 2786 1140 2840 annis

120 2860 154 2911 ut
172 2857 230 2914 aiu.
250 2858 286 2912 ol.
311 2855 339 2912 V
396 2862 430 2912 40
449 2858 500 2911 aut
518 2856 542 2910 si
560 2854 669 2910 inuidia
688 2859 748 2925 (aut
766 2857 870 2924 sidet.)
893 2854 937 2927 71
952 2855 1058 2910 inuidia
1078 2858 1140 2924 (om.

122 2929 176 2995 eet)
198 2926 246 2995 Pl
270 2927 357 2998 spabo
379 2927 407 2982 P
424 2927 558 2998 spectabo
577 2926 605 2980 L
625 2929 630 2996 1
655 2927 800 2982 fatiscent:
819 2928 830 2981 i
848 2928 880 2982 ire
899 2944 914 2982 e
932 2927 969 2984 ol.
989 2943 1058 2983 corr.
1080 2926 1108 2983 V

120 3003 156 3052 42
176 2997 275 3052 ardua:
301 2999 403 3054 rmale
420 3015 471 3054 scr.
486 3014 534 3068 pr.
552 3013 622 3054 corr.
646 2997 674 3054 V
743 3004 776 3052 41
796 2997 945 3069 inmemor]
966 2999 1071 3054 emole
1087 3014 1138 3053 ser.

121 3070 158 3124 ul.
177 3085 246 3126 corr.
269 3067 297 3124 V
311 3068 459 3124 immemor
479 3069 538 3123 PZ
608 3069 757 3140 eucapiae
778 3069 834 3125 ΤΘ
906 3075 940 3124 43
960 3085 993 3124 ae
1012 3069 1041 3123 P
1062 3071 1067 3138 1
1092 3068 1141 3123 bia

125 3139 184 3208 711
208 3138 274 3208 quia
296 3140 354 3210 711
374 3140 417 3195 tui
435 3140 464 3194 P
528 3145 563 3194 44
582 3141 723 3209 prefectus
741 3140 855 3210 genitor
872 3139 1024 3208 proconsul
1045 3139 1070 3191 Τ

121 3214 156 3265 45
176 3211 361 3280 quodcunque
382 3211 437 3264 TL
458 3211 462 3283 1
482 3212 619 3267 subicitur
637 3213 670 3266 la
691 3212 745 3267 Te
764 3216 836 3279 (cum
854 3228 933 3267 mccc
950 3211 983 3265 ire
1000 3225 1086 3278 marg.
1104 3210 1139 3279 11

121 3281 239 3351 Perlege
259 3284 446 3352 quodeunque
465 3286 509 3338 est
526 3281 708 3338 memorabile
727 3286 760 3337 ut
777 3283 829 3337 tibi
847 3282 938 3351 prosit
956 3281 1035 3349 (ulter
1052 3280 1074 3348 f.
1092 3283 1141 3348 53¹?

120 3353 181 3419 ult,
200 3354 308 3420 alters.
328 3358 381 3409 53ιι
394 3355 487 3423 primo
504 3355 537 3408 ic
558 3353 592 3423 Τ)
656 3360 691 3409 46
709 3351 808 3408 iliades
827 3353 855 3408 P
914 3358 949 3408 47
970 3351 1140 3408 etuoluenda

121 3423 148 3477 L
171 3427 175 3493 1
198 3426 230 3478 tu
248 3440 299 3479 om.
323 3424 351 3478 V
366 3425 493 3495 flexuque
511 3423 609 3479 Heius
682 3430 716 3480 48
736 3423 883 3480 utentibus
904 3423 930 3476 Τ
953 3425 957 3492 1
982 3423 1036 3478 hoe
1054 3423 1096 3478 fer
1115 3424 1142 3479 T

121 3493 191 3550 offer
211 3494 238 3549 G
292 3501 326 3550 49
345 3495 484 3620 444444ηέ]
508 3496 533 3550 7
556 3498 560 3565 1
585 3496 701 3568 inpone]
726 3495 752 3549 V
804 3499 839 3550 50
857 3494 968 3564 ignabit
992 3494 1027 3548 V¹
1059 3493 1139 3564 igna-

121 3565 170 3620 uia
192 3564 229 3620 V’
302 3571 335 3620 51
356 3568 460 3636 elquan
480 3583 496 3622 o
519 3566 546 3620 V
568 3567 678 3635 equudo
697 3567 727 3621 P
749 3565 819 3622 haee
839 3566 952 3636 quaudo
971 3567 999 3621 Ζ
