2532 3954
514 180 730 244 -49..

110 343 254 408 Adserai
276 361 378 424 usque
401 339 477 406 licet
499 338 637 404 Fabium
661 337 848 424 Calagurris
873 340 1054 425 alumnum,

153 431 231 498 Non
256 429 301 494 sii
323 427 519 514 Burdigalae
542 427 618 492 dum
641 427 797 492 cathedra
819 427 963 495 inferior.

111 520 204 585 Mille
227 519 301 584 foro
324 517 414 584 dedic
435 516 488 582 hic
510 517 657 600 iuuenes,
679 515 731 580 bis
754 516 846 581 mille
869 521 1000 582 senalus

156 606 288 672 Adiecit
310 627 445 672 numero
466 604 700 690 purpureisque
723 604 824 689 logis3
1093 623 1126 672 10

13 709 14 728 *
110 695 162 762 Me
186 717 328 781 quoquez
352 698 403 760 sei
426 692 581 778 quoniam
604 693 709 758 multa
731 695 782 758 esi
804 696 986 779 praetexta,
1009 694 1112 760 silebo

154 784 266 868 Teque
289 804 404 849 canam
427 783 466 846 de
489 785 535 864 le,
557 803 623 846 non
646 781 687 845 ab
709 780 833 848 honore
855 803 937 847 meo.

111 871 188 937 Siue
210 871 417 958 panegyricis
439 870 568 953 placeat
590 868 784 934 contendere
807 869 914 953 libris,

153 960 195 1025 In
216 959 469 1025 Panathenaicis
494 960 530 1022 lu
553 957 770 1022 numerandus
793 958 872 1042 eris3

111 1047 174 1114 Seu
198 1048 301 1112 libeat
322 1048 416 1112 fictas
439 1046 588 1111 ludorum
612 1045 762 1110 euoluere
785 1047 872 1128 lites,
1092 1062 1124 1112 15

156 1137 343 1220 Ancipitem
364 1136 510 1219 palmam
533 1132 753 1209 Quintilianus
775 1133 882 1198 habel.

116 1223 253 1289 Dicendi
275 1228 404 1289 torrens
427 1222 489 1287 ribi
511 1222 617 1306 copia,
641 1243 722 1305 quae
744 1226 856 1287 tamen
878 1243 1005 1308 aurum,

154 1311 230 1377 Non
253 1312 353 1378 eiiam
375 1312 497 1376 luteam
519 1312 667 1375 uoluerat
688 1310 852 1376 inluuiem.

112 1400 157 1465 El
177 1399 477 1482 Demosthenicum,
501 1398 585 1484 quod
608 1402 659 1462 ier
681 1400 822 1482 primum
844 1398 901 1462 ille
924 1399 1068 1483 uocauit,

154 1488 193 1554 In
215 1493 249 1554 te
272 1489 319 1553 sic
341 1487 463 1571 uiguit,
486 1487 580 1551 cedat
601 1489 639 1551 ul
661 1487 732 1570 ipse
755 1487 824 1551 tibi.
1090 1502 1125 1552 20

111 1577 203 1642 Anne
226 1581 260 1642 et
282 1576 387 1641 diuini
409 1576 497 1640 bona
517 1574 683 1640 naturalia
705 1574 783 1641 doni

156 1665 320 1749 Adiciam,
343 1663 480 1728 memori
503 1685 600 1747 quam
622 1662 723 1728 fueris
748 1663 871 1748 animo,

109 1752 231 1818 Audita
253 1757 291 1818 ui
313 1753 367 1817 uel
390 1753 474 1817 lecta
496 1753 596 1816 semel
620 1773 678 1817 ceu
700 1753 765 1817 fixa
787 1755 928 1836 teneres,

154 1841 297 1906 Auribus
322 1844 355 1905 el
377 1840 470 1905 libris
495 1843 582 1905 assei
603 1843 640 1904 ul
662 1862 727 1904 una
748 1839 852 1905 fides?

110 1929 259 1995 Vidimus
284 1937 317 1994 el
340 1927 502 2013 quondam
525 1929 655 1993 tabulae
679 1929 853 1993 certamine
876 1929 975 2012 longo
1089 1943 1124 1992 25

154 2017 288 2102 Omnes,
311 2017 367 2102 qui
390 2017 529 2100 fuerant,
552 2021 586 2081 tc
608 2037 795 2082 numerasse
818 2016 926 2098 bolos,

109 2106 256 2172 Aliemis
278 2104 406 2170 uicibus
429 2109 510 2189 quc’c
532 2105 765 2190 praecipitanda
788 2107 898 2170 rotatu

153 2193 306 2260 Funduni
329 2194 425 2258 excisi
447 2215 505 2278 per
528 2213 608 2258 caua
631 2194 717 2258 buxa
740 2193 872 2278 gradus:

109 2281 308 2348 Namaniem
330 2281 396 2346 fido
419 2303 477 2365 per
500 2281 630 2368 singula
651 2286 774 2366 puncta
796 2303 942 2365 recursu,

156 2370 246 2448 Quae
269 2371 357 2453 daia,
384 2391 441 2453 per
462 2371 578 2455 longas
602 2392 684 2454 quae
706 2378 860 2436 reuocala
881 2391 999 2437 moras.
1089 2387 1124 2436 3ο

111 2457 212 2524 Nullo
235 2459 314 2524 felle
336 2459 399 2522 ribi
421 2479 512 2522 mens
535 2459 649 2542 liuida,
671 2461 742 2523 ium
766 2459 834 2524 sale
857 2459 960 2524 mulio

154 2547 282 2630 Lingua
305 2547 397 2612 dicax
420 2545 547 2612 blandis
571 2549 604 2611 el
627 2546 696 2612 sine
719 2547 776 2612 lile
799 2547 887 2615 iocis.

106 2633 222 2701 Mensa
243 2637 366 2718 nitens,
389 2657 486 2721 quam
508 2657 576 2700 non
597 2636 744 2700 censoria
766 2636 880 2722 regula
903 2635 1012 2720 culpet

152 2721 223 2789 Nec
247 2723 330 2789 nolil
352 2722 454 2808 Frugi
474 2722 552 2788 Piso
575 2745 692 2789 uocare
716 2745 821 2790 suam:

106 2811 361 2896 Nonnumquam
383 2812 513 2895 pollens
536 2812 701 2876 natalibus
724 2815 757 2876 el
780 2813 861 2896 dape
884 2812 984 2896 festa,
1088 2829 1122 2878 35

151 2899 230 2965 Non
251 2904 363 2966 lamen
386 2903 541 2986 angustas
565 2903 601 2966 ul
623 2904 773 2967 tenuarel
795 2923 884 2985 opes.

178 3074 323 3130 uranum
346 3072 386 3128 V¹
465 3074 620 3130 §lichenes
638 3073 734 3130 uisV
812 3079 844 3128 11
870 3075 958 3130 sileno
983 3075 1009 3129 V
1089 3080 1122 3130 13

105 3144 284 3216 panegiricos
302 3162 329 3214 p.
348 3161 371 3198 c.
390 3144 476 3200 libros
499 3145 526 3200 V
541 3161 610 3201 corr.
631 3146 692 3201 Tell
755 3149 789 3198 14
806 3145 895 3202 liueai
918 3146 955 3200 V¹
971 3147 975 3216 Ι
992 3145 1122 3202 euolbere

111 3232 141 3286 V
223 3237 258 3288 15
277 3219 400 3304 ancipite
420 3233 445 3300 (a
466 3233 523 3300 ali)
544 3231 572 3286 V
597 3235 601 3300 1
631 3234 698 3288 auci
721 3233 758 3287 V¹
780 3233 867 3289 habel
890 3233 928 3288 V*
1019 3239 1051 3288 19
1079 3236 1125 3290 ter
1253 3285 1254 3288 ,

106 3303 238 3374 Intaduau
258 3305 288 3358 te
313 3301 340 3357 V
416 3309 451 3358 20
471 3303 572 3358 caedal
596 3303 622 3357 V
699 3310 734 3359 23
755 3307 789 3359 ui
805 3305 936 3376 Iaqdua.
956 3307 1007 3360 aul
1028 3304 1056 3360 V

107 3379 143 3428 36
159 3377 189 3430 ie
205 3391 366 3430 numerasse
380 3373 520 3430 Baehrens
534 3390 709 3430 enumerasse
723 3374 751 3430 V
760 3375 789 3430 le
804 3391 980 3431 enumerasse
994 3376 1124 3434 Braades

143 3449 178 3500 27
196 3447 268 3516 quoi
285 3444 426 3500 Baehrens
444 3461 514 3514 quos
533 3445 665 3515 Laydrm.
684 3461 739 3514 quo
758 3446 786 3500 V
808 3449 812 3516 1
837 3446 1023 3518 praecipitate
1043 3449 1072 3518 (a
1089 3465 1124 3505 ea

106 3517 133 3586 e)
154 3514 180 3570 V
227 3521 262 3570 33
282 3513 381 3585 culpai
403 3515 430 3570 V
445 3532 515 3573 corr.
534 3516 658 3586 Scaliqer
714 3523 747 3572 36
767 3519 881 3588 agustus
900 3533 968 3574 corr.
988 3515 1121 3592 modun.

159 3611 286 3658 Avsorrvs
944 3611 961 3659 4
