2538 3964
520 171 756 234 -411-

173 331 243 397 Iam
266 331 425 397 meditans
449 329 538 396 foliis
562 350 789 395 renumerare
813 331 894 395 suis:
1109 349 1142 396 30

129 419 197 486 Nec
220 441 325 485 mora:
349 420 485 484 ridentis
509 417 631 484 calathi
653 417 809 503 patefecit
831 418 988 485 honorem

173 507 317 574 Prodens
340 509 457 573 inclusi
481 507 605 574 semina
628 506 727 572 densa
750 507 844 572 croci.

129 597 219 662 Haeo
242 597 354 681 modo,
377 619 459 682 quac
482 599 553 662 toto
577 595 771 661 rutilauerat
793 596 870 682 igne
893 618 1057 662 comarum

171 685 300 752 Pallida
322 686 484 770 conlapsis
507 685 666 750 deseritur
689 685 786 750 foliis.

128 775 273 841 Mirabar
295 776 432 840 celerem
453 774 595 860 fugitiua
618 777 724 838 aetate
747 775 896 858 rapinam
1110 793 1143 840 35

172 863 231 949 Et,
254 863 331 929 dum
355 868 545 945 nascuntur,
568 863 775 928 consenuisse
798 885 900 929 rosas.

128 952 212 1019 Ecce
236 957 268 1018 et
291 952 425 1018 defluxit
446 953 538 1017 rutili
561 973 655 1016 coma
676 951 795 1035 punica
817 951 920 1036 floris,

173 1042 259 1107 Dum
282 1042 412 1127 loquor,
435 1045 468 1106 et
491 1041 588 1106 tellus
611 1043 699 1106 tecta
721 1041 838 1107 rubore
862 1041 970 1106 micat.

129 1130 193 1197 Tot
215 1130 337 1214 specics
360 1133 534 1214 tantosque
558 1133 648 1195 ortus
672 1129 844 1215 uariosque
869 1133 1009 1196 nouatus

173 1218 249 1285 Vna
271 1219 340 1284 dies
365 1220 483 1303 aperit,
506 1219 638 1284 conficit
660 1218 732 1302 ipsa
755 1217 831 1282 dies.
1108 1235 1142 1284 40

129 1306 378 1393 Conquerimur‚
400 1306 542 1386 Natura,
564 1306 674 1371 breuis
698 1307 783 1391 quod
807 1307 915 1392 gratia
936 1307 1026 1372 talis:

173 1396 345 1461 Ostentata
369 1396 471 1460 oculis
493 1396 583 1460 illico
608 1394 692 1459 dona
714 1396 814 1479 rapis.

129 1485 238 1562 Quam
255 1485 355 1570 longa
377 1505 442 1548 una
466 1484 548 1567 dies,
572 1487 663 1548 aetas
685 1485 754 1548 tam
778 1484 878 1569 longa
900 1505 1062 1549 rosarum:

173 1573 255 1639 Cum
277 1573 469 1657 pubescenti
491 1573 602 1637 iuncta
625 1576 755 1638 senecta
777 1572 894 1636 breuis.

129 1662 234 1739 Quam
257 1662 353 1727 modo
376 1664 562 1726 nascentem
585 1661 703 1725 rutilus
726 1661 895 1746 conspexit
914 1659 1018 1743 Eous,
1108 1676 1142 1724 45

171 1751 266 1817 Hanc
287 1750 413 1816 rediens
437 1772 509 1816 sero
533 1771 667 1833 uespere
690 1749 773 1814 uidit
796 1772 903 1815 anum.

130 1839 191 1906 Sed
215 1841 310 1920 bene,
333 1839 419 1924 quod
442 1839 553 1923 paucis
576 1839 654 1903 licet
676 1838 850 1903 interitura
874 1838 986 1905 diebus

173 1928 353 1995 Succedens
378 1949 494 1993 aeuum
516 1930 672 2013 prorogat
695 1928 767 2012 ipsa
791 1950 894 1994 suurn.

128 2016 267 2104 Collige,
294 2017 404 2103 uirgo,
429 2038 533 2100 rosas,
556 2017 632 2081 dum
656 2016 716 2080 flos
739 2037 843 2081 nouus
867 2021 899 2082 et
921 2037 1008 2081 noua
1030 2017 1143 2101 pubes,

172 2107 217 2172 Et
240 2128 365 2174 memor
388 2109 458 2172 esto
482 2127 598 2172 aeuum
622 2105 668 2170 sic
690 2126 866 2191 properare
889 2109 992 2170 tuum.
1108 2120 1142 2170 uo

200 2338 234 2387 31
252 2332 390 2403 patefacit
407 2334 434 2387 A
489 2339 523 2388 33
542 2334 625 2404 haec]
651 2349 683 2388 ac
703 2333 860 2389 Soriaerr'us
914 2339 948 2389 37
968 2333 1068 2389 deflusi
1085 2335 1143 2388 tru-

129 2404 184 2459 teli
202 2405 383 2474 (menbranae
400 2405 472 2460 uitio
485 2405 669 2473 diremptam
723 2410 757 2458 38
775 2405 903 2459 micaeA
957 2410 991 2460 39
1009 2404 1143 2458 uariusA

164 2480 198 2528 41
218 2475 414 2542 conquerimur
433 2477 546 2543 (rasura
559 2477 640 2543 corr.)
659 2473 699 2528 A¹
715 2476 719 2543 Ι
735 2475 802 2530 talis
817 2477 844 2529 A
863 2475 951 2530 omn
970 2474 1082 2546 (florum
1100 2475 1144 2530 ert

129 2563 181 2602 rec.
199 2563 233 2600 m.
254 2546 319 2601 add.
338 2547 377 2612 Β)
432 2551 466 2598 42
486 2546 598 2600 ostenta
615 2544 663 2614 A)
684 2545 748 2600 ilico
767 2546 794 2600 B
848 2551 885 2600 44
904 2562 967 2599 cum
986 2545 1014 2600 A
1033 2562 1101 2614 quas
1116 2546 1144 2600 B

131 2619 135 2690 )
156 2617 323 2687 pubescenti
341 2619 391 2686 (aa
409 2614 489 2686 uisa)
507 2617 535 2670 A
559 2615 744 2685 pubescentes
764 2618 793 2672 B
815 2618 819 2683 Ι
845 2616 938 2671 breuis
957 2618 1019 2672 AB
1041 2615 1145 2685 premit

127 2689 232 2744 aoaitc'i
285 2693 320 2742 45
339 2687 432 2742 rutilis
450 2703 484 2742 eu
501 2687 602 2741 rutilus
621 2687 649 2741 B
666 2689 671 2754 Ι
686 2687 818 2756 conperit
836 2685 904 2742 edus
921 2686 949 2741 A
1004 2695 1038 2743 46
1058 2703 1144 2741 unum

128 2761 156 2816 A
211 2766 245 2815 48
264 2759 434 2814 succendens
452 2760 480 2813 A
553 2764 587 2813 49
605 2757 667 2812 uiro
686 2757 776 2828 (uirg0
793 2774 845 2814 rec.
865 2759 945 2828 corr.)
964 2759 993 2814 B
1013 2761 1023 2829 ΙΙ
1050 2757 1144 2812 Publii

128 2829 244 2900 Virgilii
266 2829 389 2900 Maronis
413 2829 452 2900 (P.
472 2829 505 2885 V.
525 2829 562 2884 M.
582 2829 621 2900 A)
650 2827 753 2900 egloga
775 2829 839 2900 (cgl'
859 2829 898 2899 A)
922 2830 957 2885 de
979 2830 1050 2886 rosis
1079 2827 1143 2883 finit

129 2902 185 2974 (nri
204 2903 242 2972 A)
260 2901 321 2955 AB
358 2899 483 2957 eiusdem
501 2901 641 2955 muretum
659 2899 759 2969 incipit
777 2902 804 2954 A
