2516 3954
493 215 529 223 -
577 196 725 242 LXXXXII
772 214 812 224 -

233 335 323 390 socius
359 334 510 402 iuuentae,
547 334 675 404 pluribus
711 333 841 403 quamuis
874 336 1034 390 cumulatus
1067 335 1172 406 annis)
1242 339 1243 352 ¹

230 407 1168 494 Leontiiquefraterlucundus(Prof.o,3=amioo,s0da1is).
1242 415 1243 498 i

142 514 1168 602 c.320AusoniusTolosamabiitadAemiliumldagnum
1242 511 1243 566 ἶ

230 602 453 688 Arborium‚
476 605 528 670 cui
551 626 589 669 ea
609 606 644 668 in
667 604 746 668 urbe
770 604 884 668 domus
904 608 974 669 erat
992 610 1025 668 et
1045 605 1168 671 schola.

229 689 316 760 (Prof.
337 695 378 745 16.
407 691 469 746 Par.
485 695 569 761 3,11.
597 690 664 745 Vrb.
684 694 731 744 98:
751 688 879 744 altricem
898 690 987 746 nostri
1005 689 1166 760 Tolosam).

143 791 208 857 326
232 790 450 876 Hieronymus
483 790 523 855 ad
556 813 586 855 u.
614 790 716 856 2340:
748 787 937 856 Nazarius
969 791 1083 857 rhetor
1110 791 1166 855 in-
1242 831 1243 862 2

232 881 334 965 signis
348 881 487 944 habetur
502 888 548 954 (cf.
562 889 638 944 Prof.
650 895 692 957 14,
703 896 728 944 o.
751 888 867 943 Hieron.
882 889 920 944 ao
933 905 958 944 a.
974 876 1165 946 aaua=a3a
1242 901 1243 928 ³

232 965 345 1022 Nazarii
363 967 466 1035 Paneg.
488 963 671 1020 Constantino
689 965 782 1020 dictus
799 982 825 1020 a.
845 967 917 1035 321).

142 1067 207 1132 326
233 1065 382 1150 Crispum
407 1070 439 1130 et
457 1065 617 1131 Licinium
639 1065 760 1132 sororis
779 1065 881 1130 filium
901 1063 1056 1130 Caesares
1075 1063 1164 1131 Con-

232 1156 394 1220 stantinus
418 1155 582 1220 interfecit
605 1163 733 1235 (Eutrop.
748 1163 774 1217 X
789 1173 814 1221 6.
846 1163 961 1218 Hieron.
980 1164 1017 1218 ad
1035 1181 1061 1218 a.
1079 1170 1166 1220 2341.

234 1241 312 1296 Oros.
331 1239 385 1294 VII
403 1246 446 1309 28,
465 1243 521 1310 26).
1242 1277 1243 1288 1

144 1353 168 1397 o.
183 1331 249 1396 326
265 1328 473 1395 Constantini
487 1330 604 1396 fratres
619 1329 870 1418 (Anaballianus
882 1331 1042 1396 Dalmatii
1056 1335 1162 1415 pater,
1242 1347 1243 1400 ζ

234 1416 459 1500 Constantine,
492 1417 670 1508 Constans)
696 1421 836 1486 Tolosae
868 1424 1039 1484 uersantur
1068 1420 1162 1485 exilii

233 1509 337 1593 specie
362 1517 580 1587 (Prof.16,11):
599 1510 674 1575 inde
697 1509 880 1594 principum
899 1509 1062 1574 amicitiae
1081 1530 1162 1573 con·
1242 1553 1243 1590 ,

232 1599 378 1682 tigerunt
397 1597 563 1664 Arborio
579 1597 962 1684 Constantinopolimque
980 1598 1069 1662 fama
1087 1597 1161 1662 eius

231 1687 387 1769 peruenit.
434 1707 509 1751 mox

143 1832 169 1876 c.
188 1810 253 1874 328
276 1809 346 1893 ipse
371 1831 408 1873 eo
432 1813 567 1875 uocatus
591 1807 759 1897 (nimirum
782 1831 846 1895 quo
867 1813 1014 1894 tempore
1033 1809 1161 1894 Byzan·
1242 1797 1243 1816 ¹

234 1899 318 1963 tium
338 1898 488 1962 omnibus
508 1899 650 1984 undique
670 1900 857 1964 conuocatis
876 1899 1044 1963 decoribus
1063 1920 1161 1963 orna·

233 1987 328 2051 batur
352 2009 372 2051 a
395 1985 625 2072 Constantino)
653 2010 754 2052 unum
782 2010 821 2053 ex
845 1985 1053 2053 Constantini
1080 1987 1160 2052 filiis
1242 1991 1243 1996 ’

233 2075 300 2138 (non
315 2073 505 2141 Constantem,
520 2073 665 2143 quinctus
680 2091 705 2129 a.
716 2079 769 2128 320
780 2074 882 2129 Caesar
896 2076 939 2129 est
951 2072 1044 2128 dictus
1059 2089 1084 2131 a.
1098 2079 1160 2140 333,
1242 2117 1243 2132 ,

233 2145 283 2198 sed
307 2143 521 2199 Constantinum
544 2163 571 2200 ru
595 2151 648 2200 316
676 2144 723 2201 uel
748 2143 957 2214 Constantium,
984 2143 1033 2214 qui
1057 2161 1086 2199 n.
1107 2149 1159 2198 317
1242 2135 1243 2224 J

234 2226 336 2282 Caesar
354 2230 397 2282 est
416 2228 505 2283 dictus
524 2246 550 2283 a.
570 2234 622 2283 324
640 2228 666 2283 d.
686 2235 703 2284 8
722 2228 805 2294 Nou.)
829 2218 983 2302 instituit,
1007 2219 1062 2283 sed
1081 2222 1159 2302 post
1242 2265 1243 2278 ,

233 2307 330 2371 breue
363 2311 491 2392 tempus
523 2308 570 2372 ibi
605 2307 745 2372 decessit
781 2316 854 2381 (Par.
879 2325 909 2385 a,
929 2323 962 2372 15
987 2316 1054 2371 hinc
1076 2320 1160 2372 tenus
1242 2297 1243 2366 i

233 2391 376 2460 Europam
398 2393 475 2447 fama
490 2387 640 2448 'crescente
658 2394 748 2463 petito
769 2392 1027 2463 Constantinopolis
1046 2392 1160 2448 rhetore
1242 2417 1243 2456 ,

232 2464 261 2517 te
290 2463 389 2534 uiguit.
427 2463 621 2532 Prof.1o,1a
648 2463 708 2518 illic
737 2464 815 2519 diues
843 2481 928 2534 opum
957 2465 1097 2532 doctoque
1120 2463 1161 2518 ibi
1242 2483 1243 2488 ¹

234 2533 350 2589 Caesare
364 2535 486 2590 honorus
502 2535 653 2591 occumbis.
678 2535 712 2591 cf.
729 2534 847 2591 Cratior.
862 2539 917 2590 act.
931 2540 979 2590 31:
999 2535 1073 2590 Nolo
1089 2533 1161 2590 Con·
1242 2533 1243 2570 ³

233 2605 350 2659 stantini
368 2607 527 2676 temporum
546 2608 644 2660 taxare
663 2607 800 2677 collegas:
825 2606 958 2661 Caesares
977 2607 1160 2661 docebantur.

231 2676 428 2744 Prof.1o,1r
457 2677 486 2731 in
509 2677 632 2746 patriam
655 2679 750 2733 sedem
772 2677 907 2748 principis
930 2677 1053 2747 Augusti
1076 2678 1161 2746 (Con-

235 2747 363 2816 stantini)
386 2747 511 2803 restituit
533 2749 632 2819 pietas.
672 2750 735 2805 Par.
754 2756 784 2818 4,
804 2753 838 2804 25
861 2766 912 2819 por
929 2747 1005 2803 trina
1023 2747 1163 2804 decennia
1242 2759 1243 2764 ’

232 2819 314 2872 fletus
333 2835 350 2872 a
368 2821 467 2889 patre).

232 2909 370 2992 Propter
389 2911 540 2976 auunculi
560 2911 737 2977 discessum
754 2911 965 2998 Burdigalam
985 2932 1059 2976 cum
1077 2910 1163 2974 redi-

232 2999 314 3063 isset
345 2999 509 3064 Ausonius
550 3009 604 3075 (uir
625 3010 689 3065 Par.
713 3017 743 3080 a,
767 3009 807 3084 9),
839 2999 1011 3065 rhetoricis
1042 2999 1162 3064 studiis

233 3087 382 3173 inprimis
407 3111 441 3153 se
465 3088 591 3154 dedisse
614 3089 757 3174 uidetur,
780 3091 1097 3172 clarissimorumque
1122 3109 1160 3153 eo
1242 3103 1243 3120 ¹

232 3182 379 3261 tempore
402 3177 569 3242 rhetorum
593 3177 767 3261 disciplina
784 3180 948 3244 utebatur:
973 3176 1160 3241 Mineruii

235 3275 320 3342 (Prof.
338 3283 361 3344 1,
373 3283 414 3332 11.
426 3282 468 3330 26.
479 3275 536 3351 38),
550 3287 645 3351 quem
659 3270 782 3350 postea,
797 3289 870 3334 cum
883 3267 1006 3332 Romae
1017 3265 1160 3350 degeret,
1242 3289 1243 3324 l

233 3353 448 3440 Symmachus
477 3377 604 3440 quoque
636 3356 760 3421 audiuit
783 3364 845 3436 (Ep.
863 3365 945 3420 VIIII
963 3371 1006 3433 66,
1026 3363 1068 3436 3),
1095 3353 1160 3417 Al·
1242 3429 1243 3438 ¹

233 3445 322 3508 cimi
345 3454 430 3520 (Prot.
450 3461 475 3523 2,
495 3452 539 3520 28)
564 3443 727 3528 etiamque
752 3449 789 3508 ut
809 3445 936 3509 videtur
954 3440 1159 3527 Delphidii
1242 3461 1243 3514 4

235 3541 321 3607 (Prof.
341 3542 383 3618 6),
416 3533 506 3599 cuius
535 3536 661 3618 patrem
694 3533 865 3598 clariorem
897 3533 978 3616 filio,
1010 3530 1159 3615 proximo
1242 3537 1243 3616 l
