2538 3964
525 203 568 214 -
612 167 679 232 414
724 203 768 213 -

143 326 265 413 Teque,
289 327 407 413 quibus
430 327 580 411 princeps
603 329 637 390 et
658 325 890 391 facundissima
913 326 1026 410 calles,
1126 343 1158 392 10

141 416 337 502 Adgredior:
360 415 509 500 precibus
533 415 690 481 descende
713 415 840 480 clientis
864 417 898 480 et
921 416 1004 480 audi.

186 539 248 605 Die
270 540 364 620 mihi,
388 538 547 624 Calliope,
575 538 652 624 quid
674 539 740 604 iam
763 542 858 625 pater
878 539 933 604 ille
957 539 1090 604 deorum

142 626 296 714 Cogitat?
321 650 362 694 an
384 633 489 694 terras
514 632 547 692 et
568 627 676 712 patria
699 629 828 694 saecula
850 632 957 694 mutat

143 717 295 803 Quasque
320 717 409 782 dedit
432 717 594 802 quondam
617 717 835 783 marcentibus
859 717 957 801 eripit
980 717 1093 782 artes?
1239 687 1252 906 Ὗ

1128 822 1161 871 lb

141 803 277 891 Nosque
299 806 389 871 iubet
410 806 530 870 tacitos
554 810 587 871 et
610 806 675 871 ianr
697 805 835 871 rationis
859 811 1006 892 egentes,

140 893 216 961 Non
241 895 351 979 aliter,
373 895 479 978 primo
503 916 599 978 quam
623 916 696 960 oum
720 895 917 960 surreximus
941 917 1035 977 aruo,

142 983 324 1048 Glandibus
348 988 381 1047 et
402 1004 503 1067 purae
527 1005 638 1048 rursus
662 985 873 1067 procumbere
896 983 1071 1067 lymphae?

142 1073 196 1137 An
219 1072 361 1156 reliquas
385 1075 489 1136 terras
513 1075 686 1137 conseruat
711 1072 834 1138 amicus
859 1076 892 1137 et
915 1073 1024 1155 urbes,

144 1159 207 1226 Sed
231 1181 333 1246 genus
356 1159 539 1225 Ausonium
562 1160 738 1246 Rutulique
762 1161 905 1244 extirpat
928 1161 1102 1226 alumnos?

143 1248 250 1325 Quid?
274 1253 461 1333 reputemus
476 1250 577 1314 enim:
597 1250 659 1314 duo
675 1253 760 1333 sunt,
779 1250 896 1335 quibus
911 1250 1028 1314 extulit
1041 1251 1162 1337 ingens

143 1337 248 1403 Roma
271 1341 382 1422 caput,
406 1340 510 1403 uirtus
535 1338 612 1403 belli
635 1341 668 1402 et
692 1338 853 1422 sapientia
876 1339 974 1424 pacis.
1128 1358 1161 1407 21

143 1425 206 1492 Sed
228 1427 348 1510 uirtus,
371 1427 497 1512 agitata
519 1427 606 1491 domi
630 1431 662 1492 et
685 1427 860 1492 socialibus
884 1427 998 1511 armis,

143 1515 183 1580 ln
206 1515 290 1581 freta
314 1514 460 1581 Sicaniae
484 1519 517 1580 et
540 1513 750 1601 Carthaginis
774 1517 884 1581 exulat
907 1537 996 1581 eroes

143 1603 321 1690 Ceteraque
343 1604 482 1688 imperia
505 1607 667 1670 ettotam
690 1605 787 1669 simul
810 1605 946 1670 abstulit
969 1605 1093 1671 orbem.

143 1692 282 1777 Deinde,
304 1695 396 1758 uelut
420 1693 525 1758 stadio
549 1694 655 1759 uictor
677 1694 734 1777 qui
757 1694 846 1759 solus
870 1693 1000 1759 Achaeo
1127 1713 1161 1762 25
1253 1733 1254 1738 κ

143 1780 294 1866 Languet
317 1785 349 1846 et
371 1781 508 1846 immota
531 1783 652 1846 sensim
674 1783 796 1846 uirtute
819 1782 957 1864 fatiscit,

144 1867 196 1935 Sic
219 1870 332 1936 itidem
354 1869 504 1936 Romana
526 1892 655 1954 manus,
678 1872 871 1937 contendere
894 1875 1070 1956 postquam

143 1959 283 2025 Destitit
305 1962 338 2024 et
359 1981 474 2042 pacem
496 1959 604 2044 longis
628 1959 770 2024 frenauit
794 1960 945 2026 habenis:

143 2047 220 2132 Ipsa
244 2048 331 2114 domi
354 2049 442 2131 leges
467 2053 499 2112 et
522 2046 622 2113 Graia
647 2049 781 2114 inuenta
802 2053 996 2128 retraetans,

143 2137 263 2202 Omnia
285 2136 447 2201 bellorum
470 2141 559 2201 terra
581 2139 729 2220 quaesita
752 2138 899 2222 marique
1127 2157 1161 2206 eo

50 2307 52 2312 Ι
143 2224 293 2290 Praemia
316 2225 450 2289 consilio
474 2228 508 2290 et
529 2224 622 2290 molli
644 2227 771 2291 ratione
794 2227 943 2311 regebat3

144 2312 260 2378 Stabat
278 2314 314 2378 in
331 2312 383 2378 his
407 2309 524 2399 (neque
543 2313 629 2377 enim
647 2318 778 2397 poterat
797 2318 945 2380 constare
964 2316 1035 2380 sine
1055 2314 1160 2405 istis):

143 2401 235 2467 Haut
257 2401 381 2467 frustra
405 2401 529 2467 auctori
552 2402 752 2487 mendaxque
776 2403 941 2486 Diespiter
965 2404 1060 2489 olim,

144 2490 331 2576 ‘Imperium
356 2491 425 2557 sine
447 2491 512 2555 fine
536 2490 619 2556 dedi'
643 2491 763 2558 dixisse
787 2494 952 2576 probatur.

214 2637 249 2686 er
267 2630 372 2702 Vergil.
391 2629 424 2686 1.
443 2629 456 2683 1
475 2635 527 2686 aas

216 2761 249 2810 10
268 2756 309 2826 et]
330 2772 346 2811 o
368 2755 467 2810 OJabn
523 2761 554 2809 11
575 2753 761 2825 aggrediare
819 2761 851 2808 12
871 2755 928 2810 iam
944 2754 1044 2824 Perper
1061 2759 1163 2814 nonP

142 2844 208 2882 nem
230 2826 257 2880 V
280 2843 355 2880 nunc
373 2827 516 2881 Baehrens
589 2831 621 2880 18
641 2826 682 2896 et]
701 2825 731 2880 in
751 2825 884 2882 Heinsius
911 2826 947 2881 ad
966 2827 1111 2883 Baehrens

144 2904 178 2953 14
196 2896 385 2953 marcentibus
407 2898 509 2964 Teuffel
522 2897 622 2967 Peiper
639 2897 823 2952 morientibus
842 2918 864 2951 a
929 2903 962 2952 11
981 2898 1086 2953 tacitas
1106 2900 1136 2953 P
1154 2899 1158 2972 l

142 2968 229 3024 etiam
248 2988 269 3022 a
300 2970 304 3038 Ι
334 2983 438 3038 egenos
461 2968 489 3023 V
552 2973 616 3038 post
633 2985 661 3023 a.
682 2974 716 3023 11
733 2973 864 3024 secamur
882 2973 987 3023 20-22
1007 2988 1042 3034 a,
1066 2975 1160 3026 tram-

140 3042 234 3110 posne't
257 3040 372 3096 Vinctus
445 3044 478 3094 16
497 3041 578 3110 aruo]
599 3055 669 3094 aeuo
688 3041 832 3094 Auentina
900 3045 933 3094 17
952 3054 1118 3109 procurrere
1138 3061 1159 3094 ω

142 3127 211 3167 corr.
231 3111 360 3166 Pithoeus
433 3117 466 3167 18
486 3112 590 3166 amicas
614 3111 641 3165 V
710 3115 744 3165 19
767 3110 881 3164 Romuli
899 3131 920 3165 a
944 3127 1013 3166 corr.
1030 3111 1159 3184 Peiperl

142 3183 273 3239 exturbat
292 3202 313 3236 a
332 3199 402 3237 carr.
413 3181 498 3237 Setis.
513 3182 655 3236 Baehrens
708 3186 814 3236 20-22
833 3184 891 3238 eid.
906 3184 944 3238 ad
959 3187 992 3236 15
1047 3187 1082 3237 23
1101 3182 1159 3237 exi·

141 3254 177 3309 lit
195 3273 216 3307 ω
242 3270 311 3309 corr.
333 3254 433 3322 Peiper
458 3255 462 3320 Ι
491 3255 565 3306 artes
591 3253 617 3307 V
686 3259 720 3308 24
739 3255 841 3308 catera
859 3274 881 3308 ω
954 3259 988 3308 21
1007 3253 1080 3307 uelit
1099 3253 1160 3378 P)

141 3323 234 3380 stadio
253 3326 295 3379 ed.
313 3324 443 3379 Tornaes.
466 3323 558 3380 studio
573 3325 616 3393 at
637 3323 723 3379 acheo
744 3323 772 3377 P
824 3329 859 3379 16
880 3325 983 3380 sensim
997 3322 1150 3378 Heirrss'us‘

143 3397 244 3466 Peiper
261 3394 418 3451 Baehrens¹
450 3411 545 3450 secum
564 3415 585 3448 ω
618 3394 696 3450 senio
715 3395 850 3451 Heinsius
877 3395 970 3464 segnis
988 3394 1127 3450 Franken
1155 3395 1158 3464 Ι

140 3467 256 3523 facessit
279 3488 301 3521 a
330 3483 399 3521 corr.
418 3465 541 3536 Scaliqer
613 3472 647 3521 31
676 3466 784 3535 premia
808 3466 838 3519 P
908 3472 942 3522 31
969 3465 1031 3520 istis
1056 3467 1161 3536 Peiper

139 3538 209 3609 ipsis
229 3559 250 3592 a
311 3543 345 3594 33
364 3537 435 3592 haut
454 3536 644 3607 Oannepieter,
662 3539 712 3592 aut
730 3557 751 3591 ω
768 3539 772 3606 l
795 3537 904 3594 auctori
920 3538 1021 3607 Peiper
1037 3539 1121 3594 uxori
1137 3557 1161 3592 a
