2538 3964
500 212 652 278 -397
705 247 741 258 --

605 423 639 477 X.

216 495 350 602 <aloldus
369 525 397 585 δ’
420 525 449 593 ἐς
466 531 553 600 νῆσον
572 523 750 599 ἀφικόμεθ’·
771 526 846 584 ἔνθα
866 522 894 584 δ’
916 525 1033 598 ἔναιεν)

216 601 344 657 Aeoliam
362 601 512 656 uentorum
529 600 641 672 agimur
659 599 836 670 patriamque
854 599 1031 666 domumque.

184 726 272 794 Hinc
295 729 395 794 refert
414 728 564 794 Aeoliam
587 749 622 792 se
643 727 743 792 fuisse
767 729 955 810 peruectum
974 725 1130 810 donisque

118 817 274 882 donatum
302 818 343 883 ab
366 818 469 883 Aeolo
495 838 572 902 rege
600 820 786 895 uentorum,
814 815 870 901 qui
898 815 1050 881 omnibus
1078 835 1160 879 co·x

118 906 215 971 miter
238 907 409 990 praebitis,
439 928 502 992 quo
530 906 674 972 securior
696 906 882 992 nauigaret²
910 905 1007 970 flatus
1031 903 1165 977 etiams

118 994 244 1060 dederit
270 999 341 1060 utre
370 996 550 1062 conclusos:
584 999 697 1080 utque,
724 1017 795 1060 oum
823 993 889 1058 iam
917 993 956 1058 ad
984 992 1130 1058 Ithacam

117 1083 364 1170 propinquaret,
400 1084 527 1150 refirsus
560 1083 604 1149 sit
635 1084 670 1149 in
702 1105 853 1169 soporem
886 1081 1029 1167 sociique
1062 1080 1129 1145 eius

118 1193 196 1257 opes
228 1172 354 1258 aliquas
383 1172 419 1238 in
447 1195 559 1239 soraco
593 1194 663 1238 esse
696 1172 918 1238 existimantes
952 1168 1130 1235 dormiente

6 1267 8 1354 J
117 1262 189 1345 ipso
216 1262 325 1328 uincla
352 1261 560 1327 dissoluerint
587 1261 795 1347 aduersisque
828 1259 960 1326 flatibus
992 1260 1058 1324 iam
1089 1258 1130 1322 ab

6 1375 8 1426 ξ
117 1350 190 1432 ipsa
217 1351 324 1434 patria
352 1351 420 1416 sint
445 1350 549 1416 relati.
595 1349 669 1415 inde
697 1354 734 1414 ut
761 1349 802 1414 ad
825 1347 1029 1433 Antiphaten
1052 1346 1183 1421 Lae-10

6 1431 8 1490 Ὺ
119 1442 357 1524 strygonasque
376 1439 502 1504 delatus
522 1440 578 1504 sit:
597 1437 645 1503 ibi
663 1437 792 1503 amissis
810 1459 875 1502 una
894 1437 1000 1502 minus
1015 1436 1130 1501 ceteris

117 1527 256 1592 nauibus
274 1525 442 1593 Circaeum
465 1528 543 1593 litus
567 1527 740 1593 accesserit
760 1525 872 1611 ibique
895 1523 1050 1590 ueneficio
1074 1545 1130 1626 po·

6 1601 7 1616 ³
117 1617 216 1681 tentis
246 1615 323 1682 deae
346 1615 553 1700 Eurylochus
581 1620 615 1682 ct
637 1616 808 1701 praemissi
836 1636 909 1680 cum
933 1635 971 1678 eo
995 1614 1074 1678 socii
1097 1635 1131 1676 ur

117 1704 259 1770 ferarum
283 1727 341 1770 ora
360 1705 591 1771 conuerterint:
614 1705 685 1788 ipse
708 1705 807 1769 etiam
832 1703 952 1768 similia
974 1723 1130 1786 passurus

117 1792 279 1858 Mercurio
315 1798 508 1879 procurante
545 1793 706 1860 uitauerit.
731 1797 918 1878 ceterosque
951 1792 1057 1857 socios
1090 1790 1182 1864 ad15

119 1883 260 2036 spelaeis-epu
291 1883 464 1967 pristinam
496 1882 601 1968 redigi
633 1883 765 1948 uirtutis
799 1880 1011 1947 admiratione
1045 1901 1129 1945 oom-

116 1995 162 2057 pu
176 1993 246 2036 err.

597 2145 645 2201 Xl.

206 2247 322 2322 (Αὐτὰρ
341 2248 408 2308 ἐπεί
423 2247 451 2323 d’
473 2249 519 2308 let
538 2253 596 2322 νῆα
613 2249 794 2324 κατήλθομεν
812 2248 865 2321 ἠδὲ
884 2249 1055 2322 θάλασσαν)

207 2320 246 2376 At
263 2325 414 2393 postquam
430 2327 546 2380 uentum
566 2325 602 2378 ad
620 2339 706 2379 naues
725 2325 755 2380 et
772 2325 857 2380 litora
874 2323 956 2393 ponti

185 2446 361 2534 Digressus
390 2473 410 2514 a
438 2448 532 2516 Circa
559 2452 726 2516 Auernum
759 2450 919 2536 peruenit,
952 2449 1008 2534 qui
1040 2449 1130 2513 locus

117 2537 289 2602 descensus
313 2538 352 2603 ad
374 2537 488 2604 Manes
515 2539 728 2605 existimatur.
769 2540 816 2605 ibi
844 2540 945 2605 sacris
972 2537 1034 2602 rite
1062 2558 1130 2620 per-

117 2625 212 2691 fectis
241 2627 387 2691 scrobem
416 2628 559 2713 complet
589 2627 679 2693 sanie
707 2628 913 2694 uictimarum
942 2630 975 2692 et
997 2625 1165 2698 circum-5

117 2714 330 2779 uolitantibus
359 2715 528 2782 animabus
557 2716 681 2782 nullam
712 2717 791 2782 sinit
821 2717 976 2782 haustum
1008 2714 1130 2780 cruoris

119 2803 295 2888 attingere,
330 2804 407 2888 nisi,
444 2808 480 2869 ut
513 2803 607 2870 Circa
641 2809 824 2890 monuerat,
860 2805 950 2891 prius
982 2803 1130 2868 Teresias

117 2895 210 2957 uates
238 2891 312 2957 inde
343 2893 486 2960 libasset.
533 2895 580 2960 ibi
608 2899 641 2959 et
668 2895 821 2960 heroidas
848 2895 1006 2980 plurimas
1034 2891 1131 2974 uidet,

117 3018 329 3027 --——---——-

188 3067 214 3120 X
233 3073 250 3121 3
263 3069 430 3136 peruentum
442 3069 471 3122 P
519 3069 739 3139 aflatusPeiper
757 3070 839 3125 lictos
849 3071 877 3123 P
892 3071 994 3123 uentos
1005 3065 1131 3136 Vpotetus

118 3146 134 3194 6
153 3139 228 3210 utre]
247 3142 325 3193 utros
341 3140 369 3192 P
385 3141 464 3194 utere
484 3139 610 3210 Vpolctae
625 3144 630 3210 1
646 3141 683 3194 ad
701 3141 828 3197 Ithacam
842 3141 941 3209 Peiper
960 3138 1091 3194 athacam
1106 3136 1134 3189 P

117 3209 214 3265 Ithace
238 3209 364 3279 Vpozetus
418 3215 435 3266 8
453 3227 521 3282 apes
540 3211 585 3283 ΡΙ
602 3213 695 3267 screto
710 3213 739 3267 P
754 3229 823 3268 corr.
839 3213 938 3281 Peiper
993 3214 1027 3263 10
1045 3208 1079 3261 ut
1095 3206 1132 3260 ad

116 3281 233 3336 Schenkl
251 3281 287 3336 ad
306 3298 357 3336 om.
377 3282 422 3350 ΡΙ
444 3281 582 3337 entitaten
600 3282 824 3353 lertrigonasqne
842 3284 871 3338 P
922 3285 954 3335 12
974 3280 1130 3334 circaeam

115 3353 174 3408 litis
197 3352 227 3408 P
305 3358 337 3406 13
363 3352 508 3414 eurylocus
534 3355 561 3408 P
642 3360 676 3408 14
700 3354 871 3410 conuerterit
891 3351 919 3406 P
944 3367 1013 3408 corr.
1033 3351 1132 3419 Pciper

116 3424 233 3480 Schenkl
305 3430 338 3480 16
357 3423 476 3480 uirtutes
496 3426 524 3478 P

187 3511 226 3568 XI
245 3518 261 3567 2
276 3513 313 3569 ad
322 3513 409 3569 nubes
419 3511 447 3568 P
486 3519 583 3570 osane
594 3515 623 3569 P
633 3531 700 3570 corr.
712 3513 813 3584 Perper
831 3513 967 3585 sanguine
982 3511 1109 3583 Vpoletue
1128 3495 1131 3566 l

117 3583 420 3640 circumuoluntatibus
439 3585 538 3640 auibus
558 3587 613 3656 (acl
631 3585 741 3656 acibus)
759 3586 789 3642 P
858 3583 1031 3642 roborarier
1050 3581 1078 3636 P
