2466 3958
492 215 532 226 -
579 197 713 244 xxxxw
758 215 802 226 -·

138 339 305 422 plectaris,
332 341 418 402 certe
445 360 485 402 ex
506 337 736 423 Eustorgianis
760 337 846 402 foliis
874 341 1011 404 uetustis
1036 340 1159 416 inlatas

139 449 210 492 esse
236 425 375 491 Vrbinm
402 427 557 511 reliquias
584 429 620 491 in
647 426 813 492 Tilianum
839 428 960 492 librum
988 431 1161 498 concedes:

138 518 223 580 unde
247 517 286 580 ad
310 515 395 580 idem
418 516 538 580 redibit
560 538 622 597 res,
644 538 761 599 nempe
784 518 819 580 in
842 515 873 582 S.
896 517 1069 603 Eustorgii
1091 519 1161 584 Me·
1222 509 1223 564 1

139 605 335 670 diolanensis
354 604 551 670 bibliotheca
572 604 647 668 libri
661 605 742 668 satis
756 606 879 670 uetusti
896 605 1031 671 lacinias
1054 607 1159 673 fuisse
1222 615 1223 618 ’

138 717 163 757 s.
187 693 262 776 XV,
290 714 363 758 cum
385 693 532 758 Tilianus
555 693 639 756 liber
663 694 867 758 scribebatur
894 691 1040 781 (Ueberl.
1068 698 1159 785 198).
1223 752 1224 779 ,

139 804 219 866 quas
252 783 335 847 unde
367 785 478 867 potius
508 782 664 846 oriundas
701 783 951 866 suspicabimur,
984 806 1085 868 quam
1117 808 1158 851 ex
1223 791 1224 828 ἒ

137 871 338 937 bibliotheca
354 878 387 935 et
404 872 553 955 proxima
572 873 606 934 et
625 871 766 935 maxima
784 872 872 955 clim,
889 877 965 955 post
982 895 1042 956 per
1060 875 1159 959 plura

138 961 267 1025 saecula
304 962 458 1026 miserum
499 961 533 1023 in
567 959 698 1023 modum
736 964 944 1043 peruastata,
980 960 1158 1029 Bobiensis

137 1047 375 1133 monasterii.*)

202 1243 337 1308 Interim
357 1245 504 1330 contigit,
522 1252 561 1310 ut
575 1246 731 1310 maiorem
745 1248 872 1328 partem
891 1244 966 1308 libri
981 1243 1154 1312 Harleiani

136 1333 223 1398 2613
256 1331 623 1420 HMusller-Struebing
655 1355 763 1398 meum
791 1335 826 1397 in
853 1356 948 1398 usum
979 1333 1155 1420 conferret,

136 1423 206 1506 ipse
240 1421 462 1487 Acantianum
497 1425 660 1509 exemplar
691 1445 720 1487 a.
754 1422 837 1488 1507
871 1443 974 1505 nuper
1005 1428 1154 1507 emptum

135 1532 265 1595 possem
279 1519 436 1575 excutere.
469 1512 554 1578 unde
574 1513 792 1597 suspicionem
812 1534 917 1576 meam
937 1509 1154 1578 Harleianum

135 1622 174 1664 ex
207 1599 315 1664 codice
343 1598 506 1668 Bossiano
533 1624 605 1668 esse
632 1601 844 1684 descriptum,
871 1600 1051 1664 Auentium
1079 1604 1153 1686 ipso
1226 1668 1227 1710 ,

135 1687 293 1752 Bossieno
317 1688 401 1752 libro
425 1711 495 1753 esse
519 1713 613 1755 usum
636 1711 772 1773 eumque
791 1690 909 1753 librum
928 1687 1155 1754 Veronensem

136 1799 155 1841 a
187 1776 336 1841 Parisino
369 1777 416 1841 ita
448 1777 643 1862 discrepare,
674 1782 713 1843 ut
744 1780 827 1842 alter
854 1799 893 1841 ex
921 1777 1022 1841 altero
1047 1779 1154 1845 multo

134 1866 311 1929 uetustiore
326 1864 506 1950 descriptus
520 1868 683 1951 putandus
699 1863 810 1953 sit**),
829 1867 1054 1932 confirmatam
1075 1868 1155 1933 uidi.

134 1976 174 2019 en
193 1953 294 2019 habes
317 1954 462 2036 ipsorum
482 1956 640 2021 librorum
660 1957 851 2040 scripturas:
872 1956 927 2020 ubi
946 1954 986 2018 H
1001 1953 1153 2021 Harleia-
1227 2023 1228 2026 ,

133 2065 224 2123 num,
253 2042 285 2107 A
309 2042 446 2108 Auantii
469 2048 595 2111 textum
623 2046 800 2130 significat3
827 2066 930 2129 neque
955 2065 1022 2107 non
1048 2045 1153 2110 adieci

134 2131 272 2195 aliorum
300 2132 456 2234 librorum
485 2157 558 2199 eum
587 2135 809 2200 consentirent
837 2135 944 2218 signa,
975 2133 1010 2195 in
1034 2134 1152 2217 primis

48 2307 113 2362 HA
133 2219 166 2284 P
177 2219 426 2376 -Ilhllnhlpllllthla
445 2306 585 2363 Theodosi
604 2307 724 2376 Augusti
742 2324 792 2362 om.
811 2306 867 2360 HA
926 2304 1101 2362 Theodosius
1116 2339 1151 2348 -

134 2377 253 2430 salutem
273 2376 330 2429 HA
399 2383 414 2432 6
434 2396 490 2433 non
515 2378 628 2448 quidem
647 2377 704 2432 ΗΔ
777 2384 793 2432 9
812 2395 921 2446 rursum
941 2394 1048 2431 rursum
1069 2379 1096 2432 H

136 2480 168 2528 10
187 2450 255 2542 notd
273 2474 299 2528 Η
320 2475 324 2542 Ι
346 2474 433 2530 etiam
456 2492 506 2532 om.
530 2476 555 2529 A
629 2481 661 2530 13
679 2475 843 2545 impertiens
864 2475 916 2529 ΗΡ
939 2474 1106 2544 impartiare
1125 2478 1151 2530 A

135 2551 248 2670 lboeslpa
276 2561 362 2615 opera
384 2546 441 2601 ΗΑ
507 2553 538 2601 11
562 2547 638 2601 haud
662 2547 717 2601 HA
738 2550 743 2615 Ι
762 2545 934 2616 atqueacA
991 2550 1022 2599 18
1036 2563 1150 2615 parens.

133 2619 157 2683 R
205 2697 256 2738 1111
280 2687 439 2743 Theodosio
466 2688 593 2759 Augusto
622 2688 762 2742 Ausonius
793 2688 911 2742 salutem
939 2686 966 2740 H
1007 2687 1149 2741 Ausonius

132 2756 291 2814 Theodosio
310 2760 436 2829 Augusto
451 2762 476 2814 A
531 2759 713 2828 thyemetH
782 2765 868 2814 tneo
883 2758 920 2814 sit
936 2760 1035 2827 aperta
1049 2776 1151 2812 manue

133 2877 177 2885 -ι
186 2879 195 2884 -
206 2877 327 2884 ..ρ-ο.-.

221 2918 247 2986 *)
265 2916 467 2988 Eustorgianus
498 2935 669 2986 quamquam
695 2917 811 2973 inferior
842 2916 968 2972 Parisino
1002 2916 1032 2970 in
1062 2917 1147 2972 claris

133 2989 259 3054 urbibus,
288 3005 497 3058 nonnumquam
525 2993 620 3044 tamen
647 2992 745 3044 contra
769 2990 797 3042 P
822 2989 891 3044 facit
918 3005 981 3042 cum
1006 2986 1148 3044 Vossiano

132 3057 322 3142 genuinasque
347 3058 454 3114 Vlibri
478 3059 631 3130 scripturas
650 3061 780 3115 seruauit.
822 3059 927 3129 legitur
950 3061 1036 3115 etiam
1060 3060 1089 3114 in
1113 3076 1148 3115 eo

131 3147 157 3186 u·
177 3137 289 3272 sslllllll
305 3129 549 3258 hhchrdtllhlblim
563 3205 692 3257 excutere
710 3198 967 3283 licuissethuantii
981 3200 1143 3282 editionem,

131 3273 228 3330 statim
242 3273 409 3328 uidissemus
428 3273 554 3328 codicem
568 3290 632 3328 eum
646 3290 664 3327 a
678 3272 803 3326 Parisino
820 3272 959 3326 diuersum
974 3272 1144 3342 adh1bu1eee‚

130 3361 195 3401 nam
219 3343 270 3415 Ep.
289 3343 393 3400 XXVII
413 3347 445 3400 ti
465 3342 589 3425 itemque
608 3343 659 3414 Ep.
679 3341 757 3397 XXX
779 3348 813 3398 56
833 3346 862 3398 et
880 3347 913 3397 57
939 3344 1039 3398 desunt
1056 3341 1088 3396 in
1108 3344 1143 3412 P,

130 3430 186 3470 uon
204 3416 306 3473 desunt
328 3415 358 3471 in
380 3415 413 3472 Η
430 3417 460 3471 et
477 3417 512 3471 A.
540 3431 597 3469 ram
616 3415 759 3481 aduenas,
779 3430 898 3482 quaeso,
918 3411 1032 3468 meliors
1051 3413 1082 3468 id
1101 3416 1143 3468 est

131 3485 285 3544 uetustiore
303 3487 333 3544 in
354 3486 578 3558 orthographicis
597 3485 704 3542 ratione
724 3484 758 3538 H
775 3486 818 3539 uti
841 3501 926 3552 quam
945 3483 982 3551 P,
1006 3482 1142 3553 uitiisqus

130 3559 239 3630 multis,
260 3558 361 3630 quibus
383 3560 411 3613 P
427 3560 530 3627 scatet,
550 3573 652 3614 carere.
