2538 3964
504 168 743 232 -404-

116 351 214 395 eausa
242 327 407 392 adhibitus
435 327 518 393 nihil
541 327 687 393 omnium
713 326 748 393 in
771 326 878 393 Vlixis
907 327 1017 413 domo,
1045 330 1134 414 quod
1187 395 1192 404 ,

117 417 388 483 contumeliosum
416 419 516 501 esset,
548 417 704 501 ediderat,
735 419 768 482 et
794 415 940 482 Medonti
967 419 1134 503 praeconi,

116 507 207 572 ouius
230 505 409 571 modestiae
432 505 530 570 etiam
554 504 766 570 Telemachus
790 505 997 591 suffragatur.
1035 510 1134 590 atque

116 595 171 680 qui
202 616 275 660 cum
308 593 503 660 Telemacho
537 597 646 676 erant,
682 592 899 659 Melanthium
934 592 1134 660 famulorum
1155 612 1187 660 15

117 683 223 750 Vlixis
247 704 360 764 unum,
383 684 439 767 qui
461 703 634 768 procorum
657 683 858 766 proteruiam
881 705 1008 767 semper
1026 705 1133 748 arma-

117 776 224 858 ueret,
251 771 471 838 cruciabiliter
498 771 659 837 occidunt.
704 770 830 856 puellas
858 772 932 837 inde
955 772 1135 851 duodecim,

118 883 201 948 quae
232 882 306 927 cum
338 861 445 944 procis
478 860 640 946 flagitiose
672 863 920 945 consueuerant,
957 861 1134 944 suspendio

117 950 288 1035 perimunt.
332 949 446 1016 Vlixes
475 949 572 1014 caede
595 949 636 1014 ad
658 949 791 1033 plenum
812 952 999 1034 perpetrata
1021 950 1134 1035 ignem

118 1039 227 1104 adolet
248 1040 443 1122 incensoque
466 1038 621 1122 sulphure
645 1038 778 1104 domum
799 1038 928 1122 piaculo
951 1043 1080 1123 purgat.
1154 1056 1190 1104 20

573 1299 674 1356 XXIII

260 1425 378 1498 (Γρῇυς
396 1419 425 1479 δ’
446 1423 487 1488 εἰς
505 1419 612 1499 ὑπερῷ’
632 1419 788 1497 ἀνεβήσετο
806 1424 1013 1498 καγχαλόωσα)

260 1495 452 1552 Chalcidicum
470 1513 569 1568 gressu
586 1497 682 1551 nutrIx
700 1495 852 1566 superabat
869 1495 947 1553 anili.

190 1642 339 1728 Euryclia
370 1641 481 1707 nutrix
514 1646 627 1727 gestae
654 1641 702 1706 rei
728 1641 843 1706 nuntia
869 1639 1068 1724 Penelopam
1096 1641 1137 1706 de
1258 1693 1259 1718 p

120 1753 234 1797 somno
258 1732 387 1796 excitat
425 1751 509 1814 qnae
533 1730 759 1796 aduenientem
782 1730 823 1795 ad
842 1751 876 1794 se
895 1729 1050 1795 maritum
1068 1751 1138 1795 nen
1258 1723 1259 1770 l

120 1829 241 1886 temere
263 1821 371 1904 ipsum
397 1840 467 1884 esse
491 1818 554 1884 sibi
576 1819 748 1902 persuadet
771 1822 804 1883 et
826 1817 966 1904 quadam
994 1818 1174 1886 cubiculis
1258 1831 1259 1856 ¹

119 1912 192 1994 lege
220 1911 253 1972 et
279 1907 418 1994 genialis
451 1907 563 1972 lectuli
594 1908 705 1992 positu
738 1906 801 1972 sibi
829 1909 960 1972 tantum
987 1909 1021 1972 et
1047 1905 1138 1972 Vlixi

120 1997 265 2084 cognito,
302 2018 343 2062 an
372 1996 443 2080 ipse
475 1997 518 2060 sit
549 1996 702 2080 maritus,
733 1995 893 2080 explorat.
938 1997 974 2060 in
1006 1998 1136 2062 coetum

119 2086 235 2153 deinde
263 2086 458 2154 conueniunt
484 2088 653 2169 totamque
680 2087 808 2149 noctem
840 2087 955 2149 mutuo
987 2106 1136 2150 sermone
1258 2095 1259 2148 ἒ

121 2179 326 2241 consumunt.
363 2177 396 2238 et
414 2173 468 2238 hic
487 2173 617 2258 quidem
636 2173 766 2258 elegans
786 2173 956 2257 replicatio
975 2173 1138 2260 laborum,
1258 2165 1259 2174 ¹

122 2285 203 2350 ques
226 2263 341 2328 Vlixes
364 2262 514 2346 pertulit,
537 2263 620 2328 mira
643 2261 890 2328 concinnatione
913 2261 1086 2348 colligitur.
1159 2281 1191 2331 10

194 2499 227 2546 12
245 2489 319 2546 nihil
337 2489 463 2545 omnium
482 2487 582 2560 Peiper
604 2483 789 2545 nieh'ominus
808 2490 836 2544 P
858 2487 1064 2546 nihilomnino
1083 2490 1138 2546 Ac·

122 2565 231 2620 curuos
313 2568 345 2616 13
370 2561 586 2617 autumaliosum
607 2561 646 2614 P·
674 2562 678 2630 1
708 2560 839 2630 praeconi
856 2561 1009 2618 Aeeta-eius
1041 2561 1091 2616 uni
1112 2563 1142 2617 P

121 2635 205 2689 unius
227 2634 363 2690 Heinsius
435 2638 469 2686 14
492 2632 680 2701 suffragatura
702 2633 848 2703 quicumq3
869 2631 898 2687 P
922 2632 1138 2703 suffragabatur.

122 2705 219 2775 Elqui
228 2723 292 2760 eum
307 2704 433 2774 Vpoleloe
446 2705 489 2773 (et
497 2703 613 2760 Sallenti
627 2704 712 2773 atque
720 2703 831 2772 Peipcr)
878 2703 1142 2760 1nmelanitium1³
1258 2699 1259 2774 l

12 2808 18 2818 ·
160 2781 194 2832 16
216 2775 390 2846 proterinam
413 2774 442 2830 P
511 2780 544 2830 1⁷
566 2773 620 2829 XII
642 2775 671 2829 P
741 2778 774 2828 18
797 2772 888 2844 prosis
913 2775 942 2829 P
1017 2780 1051 2829 19
1075 2792 1139 2846 per·

124 2851 207 2902 munt
225 2847 254 2900 P
323 2851 358 2900 20
377 2845 509 2915 sulphore
527 2846 556 2901 P

194 2933 287 2989 XXIII
306 2939 321 2987 1
340 2949 391 2988 om.
407 2933 436 2986 P
493 2941 510 2988 2
529 2932 699 2988 haleidicurn
719 2936 766 3004 ΡΙ
783 2935 935 3004 superabat
953 2935 995 2990 bie
1011 2950 1063 2990 scr.
1078 2934 1107 2988 P

125 3005 263 3062 sennua
282 3005 329 3072 Pl
345 3004 431 3073 gestu
448 3003 476 3057 P
544 3003 679 3059 ttinere
699 3004 746 3074 ΡΙ
763 3020 821 3060 esse
840 3004 894 3059 sibi
912 3006 1013 3076 Palper
1031 3007 1142 3061 esseP

124 3095 184 3134 esse
203 3094 232 3132 ee
251 3075 391 3144 Schenkll
414 3075 443 3129 et
461 3073 589 3142 Schenkl,
607 3091 657 3130 om.
676 3077 706 3131 P
774 3075 916 3146 egeniali
934 3076 1046 3132 lectulis
1065 3075 1140 3147 posi-
1258 3093 1259 3123 l

123 3152 169 3204 tus
187 3148 228 3204 ibi
248 3147 299 3216 ΡΙ
322 3146 399 3202 ulixe
418 3145 446 3200 P
517 3145 1014 3203 rinoetum.1)einde1>000cum
1032 3147 1140 3204 Accurr-

125 3223 235 3288 sioaus,
254 3218 359 3276 coitum
373 3217 500 3288 Vpoletue
553 3222 741 3275 esemonem
752 3219 790 3272 P·
843 3219 907 3275 9h¹
922 3219 951 3274 P
965 3218 1138 3275 hincPorie.
1258 3269 1259 3282 ,
