2534 3954
501 159 743 224 -104-

63 371 134 412 xxn
149 372 198 420 [888
211 371 354 419 nouum]
382 350 431 405 DE
450 347 681 406 AVCTORIBVS
700 347 867 404 AGONVM.

116 477 247 542 Primus
270 477 480 562 Olympiacae
503 476 646 542 sacrauit
667 475 754 542 festa
777 497 915 542 coronae

116 566 262 651 Iuppiter
283 566 401 652 Argiui
425 565 532 630 stadia
555 565 595 632 ad
619 564 814 650 longissima
836 564 921 630 circi.

116 654 288 721 Proximus
312 654 443 720 Alcides
465 653 625 719 Nemeum
650 655 791 720 sacrauit
813 653 980 720 honorem.

117 742 207 808 Haec
230 765 357 828 quoque
379 741 579 827 temporibus
602 743 822 827 quinquennia
845 764 938 810 sacra
960 742 1128 810 notandis.

116 831 256 897 Isthmia
278 830 432 918 Neptuno
456 832 532 896 data
555 835 632 896 sunt
655 834 687 895 et
709 829 832 915 Pythia
854 831 988 897 Phoebo
1119 847 1137 896 o
1252 879 1253 908 q

117 921 262 1004 Ancipiti
283 919 374 986 cultu
398 920 546 986 diuorum
568 919 801 1004 hominumque
825 919 972 1004 sepultis.

64 1148 213 1250 88
242 1143 943 1273 8188888888
962 1145 1011 1200 u

120 1343 312 1410 Tantalidae
335 1344 449 1428 Pelopi
472 1348 633 1410 maestum
655 1343 743 1410 dicat
765 1343 836 1410 Elis
858 1343 1028 1410 honorem

119 1430 312 1498 Archemori
335 1432 498 1499 Nemeaea
521 1433 632 1498 colunt
654 1433 872 1518 quinquennia
895 1431 1037 1500 Thebae.

118 1519 257 1586 Isthmia
280 1521 432 1588 defuncto
456 1521 619 1586 celebrata
641 1521 837 1588 Palaemone
859 1524 983 1586 notum.

119 1608 238 1694 Pythia
260 1610 420 1694 placando
444 1609 566 1694 Delphi
591 1613 733 1674 statuere
757 1610 897 1674 draconi.

68 1855 165 1896 xxmr
181 1855 230 1905 [888
243 1854 293 1898 nu.
306 1857 352 1905 xv]
434 1835 483 1891 DE
502 1835 620 1893 FERIIS
639 1834 814 1894 ROMANIS.

120 1961 216 2028 Nunc
240 1968 273 2028 et
296 1963 487 2047 Apollineos
511 1962 665 2028 Tiberina
687 1984 745 2047 per
768 1962 854 2027 ostia
876 1961 970 2028 ludos

164 2052 210 2117 Et
233 2050 469 2137 Megalesiacae
492 2051 607 2116 matris
631 2055 744 2135 operta
766 2051 882 2134 loquar

120 2138 325 2223 Vulcanique
349 2140 432 2224 dies,
455 2139 603 2205 autumni
627 2139 758 2204 exordia
779 2139 890 2224 primi,

166 2226 450 2315 Quinquatrusque
473 2228 550 2294 deae
573 2226 726 2293 Pallados
751 2226 920 2310 expediam

121 2315 167 2381 Et
190 2317 314 2382 medias
336 2317 408 2381 idus
431 2315 499 2382 Mai
521 2315 727 2402 Augustique
749 2337 896 2400 recursu,
1124 2334 1140 2382 5

168 2403 257 2480 Quas
281 2406 344 2471 sibi
367 2404 546 2470 Mercurius
570 2426 713 2490 quasque
736 2403 843 2470 Diana
866 2404 967 2490 dicat3

122 2492 291 2559 Matronae
315 2516 397 2578 quae
420 2515 514 2560 sacra
536 2492 646 2560 colant
669 2515 728 2578 pro
752 2492 847 2558 laude
869 2494 1029 2575 uirorum,

168 2581 325 2647 Mauortis
347 2583 445 2666 primi
469 2604 542 2648 cum
565 2582 689 2647 rediere
712 2581 791 2646 dies.

123 2668 221 2734 Festa
244 2669 431 2753 Caprotinis
453 2671 639 2736 memorabo
664 2670 803 2735 celebria
825 2669 935 2754 nonis,

169 2757 250 2824 Cum
274 2758 361 2824 81818
383 2761 542 2824 matronis
566 2759 698 2844 dempta
720 2762 812 2846 teget
833 2757 983 2824 famulas.
1107 2776 1142 2825 10

76 2936 106 2988 V
197 2931 275 2988 XXII
293 2940 310 2988 3
329 2933 466 2988 Nemeum
480 2933 578 3001 Peiper
599 2949 764 2990 nemeaeum
781 2932 809 2988 V
826 2933 950 2988 Nemeae
969 2931 1103 3002 18881888.

124 3001 332 3073 48818888818
353 3003 381 3057 V
439 3009 455 3058 5
474 3002 602 3059 isthimia
626 3005 669 3070 VI
686 3003 778 3074 pithia
796 3004 906 3074 phaebo
929 3002 956 3057 V
1010 3020 1058 3059 8888.
1078 3009 1097 3057 4
1115 3009 1142 3060 et

126 3083 141 3129 6
162 3076 295 3131 caminis
312 3076 385 3146 quod
402 3076 525 3144 sequitur
542 3076 656 3131 18111888
674 3091 728 3130 8888
745 3077 904 3144 suspicatur
923 3074 1039 3129 Schenkl

77 3203 106 3254 V
196 3198 288 3254 XXIII
316 3218 436 3254 rvusuun
460 3197 486 3251 V
506 3201 510 3265 Ι
534 3173 644 3269 masur(
663 3200 707 3268 (uu
726 3215 815 3268 paene
832 3201 1017 3268 evanuerunt)
1040 3198 1068 3253 V

127 3297 140 3342 1
164 3272 401 3344 dicaehelisonori
425 3286 452 3340 V
469 3302 537 3342 corr.
557 3286 726 3368 88889882,
741 3291 758 3342 3
831 3286 1003 3344 2888888881
1027 3288 1071 3354 Vl
1092 3307 1142 3345 ne·

124 3375 202 3414 meae
225 3359 253 3414 V
270 3375 338 3414 corr.
358 3358 494 3413 1181881888
561 3356 722 3415 3181181818
743 3356 771 3412 V
834 3357 942 3428 4pitia
965 3358 1010 3430 Vl
1025 3358 1094 3414 delfi
1118 3361 1146 3416 V

78 3450 108 3502 V
198 3446 303 3500 XXIIII
321 3464 396 3500 rums
420 3445 447 3500 V
516 3444 619 3499 588811
642 3445 670 3501 V
684 3446 1100 3518 8888888881888888

126 3524 141 3573 9
161 3515 311 3586 8888818818
334 3516 362 3570 V
384 3520 388 3585 Ι
413 3532 573 3596 memorauo
598 3517 625 3571 V
696 3523 729 3572 10
748 3516 843 3572 demta
865 3517 893 3572 V
