2516 3954
490 229 531 238 -
577 209 708 256 LXXXVI
754 227 797 236 -

12 323 13 388 l
137 355 234 419 etiam
254 350 648 436 Thadeungoletus‚
672 350 727 435 qui
745 349 883 416 Parmae
898 356 982 418 1499
1003 351 1159 435 (iterum-

139 465 199 527 que
233 443 366 508 Venetus
392 438 487 527 1501)
522 439 705 504 Ausonium
734 440 854 524 praelis
889 441 1036 506 subiecit.
1079 465 1161 509 nam
1245 445 1246 516 t

12 565 13 610 3
139 533 168 597 is
188 531 253 596 alia
272 530 376 594 multa
395 530 513 595 adiecit
532 528 697 612 opusculis
715 528 912 594 Ausoniauis
932 534 1030 596 antea
1050 531 1162 616 editis,
1245 553 1246 564 ¹

137 626 174 685 ut
204 621 273 685 iure
302 641 360 684 suo
389 619 493 684 dicere
519 621 630 703 posset
658 638 717 703 „ex
745 617 919 684 collatione
948 619 1156 686 diuersorum
1245 617 1246 696 ξ

12 735 13 740 ’
139 710 285 774 codicum
316 708 460 774 Ausonio
495 708 653 792 additum,
686 711 843 794 quantum
876 708 981 772 adhuc
1014 711 1055 774 ab
1091 711 1158 776 alio

12 793 13 866 Ῠ
137 797 285 862 nemine“
305 835 345 844 -
365 798 502 882 protulit
526 796 611 860 enim
636 818 673 860 ex
692 795 867 861 Tristani
888 794 1026 862 Chalci
1047 800 1158 866 codice
1245 791 1246 852 ἶ

138 887 264 954 Ludum
287 885 352 952 VII
381 885 577 970 sapientium
602 887 634 948 et
657 883 852 969 Catalogum
875 884 1015 950 Vrbium
1038 893 1159 974 totum,
1245 879 1246 956 f

141 999 180 1040 ex
208 975 293 1041 libro
318 974 479 1040 Antonii
502 971 679 1038 Bernerii
706 973 776 1038 iure
804 974 946 1040 consulti
969 973 1158 1064 Periochas,

139 1087 178 1130 ex
205 1065 302 1130 tertio
329 1065 413 1129 libro
442 1061 575 1148 (nempe
603 1062 821 1128 Laurentiano
847 1062 1025 1129 Verranani
1056 1089 1159 1132 manu
1245 1085 1246 1090 ’

139 1155 275 1239 scripto)
292 1153 461 1216 Mosellam
481 1174 553 1216 cum
569 1150 754 1237 Symmachi
773 1153 969 1240 laudatione,
988 1177 1027 1218 ex
1042 1156 1159 1221 eodem
1245 1211 1246 1218 ,

12 1327 13 1330 ¹
139 1243 311 1306 accedente
334 1241 417 1305 libro
439 1239 578 1306 Puteani
602 1241 766 1306 simillimo
791 1247 952 1326 quotquot
976 1242 1093 1309 derant
1117 1245 1158 1310 ad

138 1331 219 1395 illud
242 1333 370 1414 tempus
390 1329 564 1396 Caesarum
588 1331 784 1395 tetrasticha
805 1367 843 1377 —
866 1337 898 1394 et
920 1332 954 1395 in
974 1333 1062 1397 calce
1083 1355 1158 1398 curn

12 1457 13 1518 t
140 1418 304 1504 Sulpiciae
336 1419 477 1484 carmine
505 1419 622 1484 adiecit
648 1419 903 1504 „epigrammata
927 1419 1085 1504 [XXIIII]
1118 1445 1158 1488 ex

139 1507 271 1594 Georgii
295 1509 505 1574 Alexandrini
530 1507 701 1590 [Merulae]
726 1531 806 1592 quae
829 1509 979 1574 feruntur
1002 1533 1156 1578 manasse
1245 1549 1246 1554 κ

12 1675 13 1678 ¹
138 1598 362 1681 bibliotheca“‚
399 1598 605 1682 eiusdemque
640 1597 764 1661 farinae
802 1598 867 1662 alia
902 1621 1020 1664 nouem
1055 1603 1156 1666 tacite
1245 1671 1246 1680 χ

138 1686 333 1770 interposuit
356 1685 551 1751 Ausonianis
576 1687 879 1770 epigrammatibus:
903 1687 1020 1752 horum
1045 1691 1154 1755 autem
1245 1701 1246 1732 f

12 1855 13 1860 η
137 1779 323 1861 poematum
343 1772 489 1839 XXXIII
512 1776 663 1859 pleraque
687 1797 725 1838 ea
744 1775 815 1860 ipsa
835 1780 920 1858 sunt,
944 1799 1026 1860 quae
1047 1780 1157 1844 Auan-
1245 1825 1246 1842 t

139 1863 221 1928 tium
241 1886 340 1946 supra
360 1862 496 1928 edidisse
516 1863 653 1929 diximus
674 1862 751 1949 (uid.
767 1864 853 1928 infra
867 1887 897 1948 p.
912 1864 1117 1954 428—435).
1141 1867 1155 1954 )

12 1987 13 2036 p
138 1953 189 2017 bis
210 1954 308 2017 etiam
328 1951 469 2017 Graecae
487 1952 708 2036 Anthologiae
728 1975 788 2036 ope
807 1975 886 2018 usus
906 1955 1155 2040 epigrammata,
1245 2001 1246 2004 κ

12 2039 13 2084 3
141 2063 223 2125 quae
246 2043 299 2106 uel
323 2045 416 2106 erant
439 2042 490 2106 uel
514 2041 708 2106 uidebantur
731 2045 895 2126 truncata,
917 2042 986 2126 ipse
1011 2044 1157 2127 expleuit
1245 2049 1246 2058 ’

138 2130 183 2214 (p.
201 2130 267 2195 435
283 2129 354 2216 sq.),
377 2153 475 2215 quam
498 2152 566 2194 rem
586 2130 658 2214 quis
677 2131 781 2215 possit
799 2131 1008 2216 integerrimo
1027 2132 1101 2198 uiro
1119 2135 1155 2198 in
1245 2205 1246 2214 χ

12 2281 13 2296 2
138 2219 254 2284 uitium
269 2219 416 2283 uertere?
440 2223 644 2283 accesserunt
663 2220 772 2304 etiam,
795 2242 877 2304 quae
898 2221 931 2284 in
946 2221 1052 2285 indice
1066 2221 1155 2307 Vgo-

12 2299 13 2340 ³
137 2308 259 2372 letiano
283 2330 349 2372 non
367 2312 576 2373 recensentur
594 2309 631 2371 ut
649 2330 744 2392 noua,
763 2308 899 2373 Ausonii
919 2309 960 2373 ad
980 2309 1154 2375 Paulinum
1245 2309 1246 2376 Ξ

137 2397 277 2480 epistula
290 2395 436 2462 XXVIII
451 2395 558 2482 (XXV
568 2395 659 2482 418),
678 2400 711 2460 et
729 2397 858 2480 quidem
878 2419 917 2463 ex
931 2397 1153 2465 Laurentiano
1245 2411 1246 2432 ³

137 2487 189 2568 23,
205 2487 256 2569 20,
276 2489 372 2570 atque
388 2487 521 2570 antiqua
535 2486 673 2570 quidem,
689 2485 743 2549 sed
758 2486 799 2549 ab
813 2483 1042 2572 Burdigalensi
1056 2493 1156 2572 poeta
1245 2507 1246 2510 ’

138 2575 252 2658 aliena,
266 2575 304 2638 de
319 2575 505 2639 nominibus
521 2575 689 2640 stellarum
704 2597 832 2640 carmen
843 2573 983 2660 (iufrap.
994 2575 1156 2664 4121111)
1245 2569 1246 2622 Ϊ

136 2668 170 2728 ct
185 2665 363 2728 sententiae
378 2668 501 2747 septem
512 2663 707 2747 sapientium
718 2662 909 2749 (ace-315
917 2689 949 2750 p.
959 2665 1155 2752 ecc—408)

137 2775 176 2816 ex
203 2752 422 2818 Laurentiano
447 2753 505 2836 37,
529 2751 585 2836 25,
619 2775 699 2837 quas
727 2753 766 2817 de
795 2775 853 2818 suo
883 2775 921 2817 ex
949 2753 1155 2840 Authologia
1245 2769 1246 2824 ζ

136 2842 301 2906 conuersis
331 2841 479 2906 uersibus
504 2836 599 2927 (316)
627 2841 755 2906 uidetur
783 2843 923 2923 auxisse,
956 2842 1094 2928 denique
1118 2845 1154 2908 in
1245 2859 1246 2874 ³

137 2953 273 3015 puerum
285 2929 464 2994 formosum
475 2931 677 3015 epigramma
689 2929 779 3016 (olim
791 2931 864 3016 107,
878 2931 964 2995 infra
972 2954 1003 3017 p.
1013 2931 1077 2996 417
1090 2932 1154 3018 VI).

137 3021 171 3084 in
196 3018 392 3083 Ausonianis
418 3017 577 3104 Vgoletus
606 3041 679 3083 raro
707 3019 865 3084 traditum
888 3020 982 3084 libris
1006 3020 1154 3086 ordinem
1245 3051 1246 3074 i

138 3108 290 3190 mutauit,
318 3107 413 3171 laude
441 3129 518 3172 sane
547 3107 664 3192 dignus
693 3108 777 3193 quod
806 3108 845 3173 de
872 3107 979 3174 Fastis
1008 3110 1154 3174 carmina

139 3221 177 3262 ex
199 3197 472 3284 Epigrammaton
495 3195 579 3260 libro
603 3197 750 3262 remouit.

205 3285 280 3352 Nou
304 3307 394 3351 suam
418 3284 601 3370 editionem,
625 3285 681 3350 sed
698 3284 929 3372 Vgoletianam
954 3295 1082 3350 secutus
1103 3287 1154 3351 e'st
1245 3333 1246 3376 3

137 3399 171 3406 .—

173 3401 178 3404 ’
210 3425 236 3496 *)
256 3426 350 3481 omnia
374 3441 433 3480 esse
451 3423 575 3480 Merulae
599 3441 663 3480 cum
687 3425 820 3479 dixissem
843 3427 873 3480 et
894 3423 973 3480 nullo
993 3425 1057 3479 dolo
1076 3426 1154 3481 malo
1245 3485 1246 3504 χ

137 3497 227 3552 inlata
245 3495 427 3565 Ausoniauis‚
451 3497 522 3551 haec
545 3494 660 3564 quidem
683 3495 719 3548 ab
739 3494 861 3564 Vgoleto
881 3511 942 3550 esse
960 3496 1037 3550 facta
1055 3498 1085 3549 et
1103 3514 1154 3566 per
1245 3523 1246 3560 1

138 3568 266 3624 fraudem
283 3569 391 3625 intrusa
400 3570 483 3640 putat
493 3565 612 3623 Schenkl
623 3565 714 3620 causis
725 3565 839 3621 minime
850 3565 1053 3622 sufficientibus
1061 3566 1153 3624 nixus.
1245 3569 1246 3572 ’
