2532 3954
518 184 740 248 -36-

122 345 197 412 Non
221 366 281 431 ego
306 365 383 428 opes
408 355 527 408 nassas*
541 346 573 407 et
596 343 707 408 inania
731 342 850 428 gaudia
872 343 1007 429 plango,

167 433 231 500 Sed
254 432 382 497 iuuenis
405 433 515 497 iuueni
538 432 623 517 quod
646 432 726 497 mihi
748 436 845 517 rapta
867 433 947 497 uiro.

122 523 237 606 Laeta,
260 521 390 606 pudiea,
414 521 540 606 grauis,
562 542 665 607 genus
688 521 802 585 inolita
825 524 859 584 et
880 520 996 586 inolita
1019 521 1142 606 forma,

166 611 212 677 Et
234 611 327 676 dolor
351 616 447 695 atque
472 610 567 675 decus
592 609 738 695 coniugis
762 609 909 674 Ausonii.

123 699 211 776 Quae
234 699 330 765 modo
355 703 507 783 septenos
531 701 645 783 quater
667 699 829 783 inpletura
852 698 1048 764 Decembres
1106 717 1141 764 aa

167 789 309 874 Liquisti
330 791 440 871 natos,
462 789 599 873 pignera
621 792 748 866 nostra,
771 786 861 852 duos.

122 877 185 943 Illa
207 879 320 943 fauore
344 877 408 956 dei,
432 877 515 942 siout
537 880 596 941 tua
618 879 697 941 uota
719 876 863 960 fuerunt,

167 965 315 1049 Florem,
340 966 461 1049 optatis
486 965 691 1030 adcumulata
715 964 818 1030 bonis.

117 1055 168 1121 'Et
190 1077 317 1139 precor,
341 1060 378 1119 ut
401 1054 536 1138 uigeant
558 1053 753 1139 tandemque
777 1053 951 1136 superstite
975 1057 1114 1139 utroque

168 1142 307 1208 Nuntiet
328 1143 390 1208 hoo
414 1143 513 1207 cineri
536 1146 651 1208 nostra
673 1142 789 1208 fauilla
811 1147 877 1207 tuo.
1107 1161 1143 1208 30

73 1355 129 1407 [1691
184 1409 186 1414 Ι
325 1335 358 1390 X.
386 1333 569 1390 AVSONIVS
588 1333 783 1391 PARVVLVS
804 1334 932 1392 PILIVS.

123 1463 199 1529 Non
223 1483 283 1548 ego
307 1465 340 1526 te
362 1462 509 1527 infletum
533 1463 670 1528 memori
692 1462 850 1528 fraudabo
875 1463 1029 1548 querella,

168 1552 309 1636 Primus,
331 1556 422 1630 nat,e
445 1573 517 1616 meo
540 1552 671 1616 nomine
696 1552 779 1617 diote
802 1574 895 1636 puer:

124 1641 292 1706 Murmura
315 1661 409 1724 quem
433 1640 547 1722 primis
571 1641 730 1706 meditt
673 1645 730 1706 ant
732 1663 783 1707 em
806 1640 975 1705 absoluere
997 1640 1108 1706 uerbis

169 1729 292 1794 Indolis
316 1732 350 1792 et
372 1728 488 1812 plenae
512 1729 696 1812 planximus
720 1730 893 1815 obsequiis

124 1818 173 1884 Tu
196 1818 320 1903 gremio
344 1817 379 1881 in
401 1818 516 1901 proaui
539 1816 635 1883 funus
659 1840 828 1884 commune
852 1819 992 1901 locatus,
1127 1834 1143 1883 o

168 1906 329 1971 Inuidiam
353 1907 470 1971 tumuli
492 1928 533 1971 ne
556 1910 703 1991 paterere
726 1909 784 1974 tui.

72 2119 126 2171 [1701
354 2097 402 2153 XI.
430 2097 571 2154 PASTOR
589 2100 709 2155 NEPOS
728 2100 778 2154 EX
796 2099 902 2156 FILIO.

125 2226 174 2291 'Pu
198 2248 323 2311 quoque
348 2229 507 2306 maturos,
529 2249 610 2312 puer
633 2229 808 2312 inmature,
831 2227 958 2293 dolores

170 2315 377 2399 Interrupisti
400 2317 507 2380 luctus
532 2317 665 2381 aoerbus
690 2317 757 2399 aui,

125 2403 242 2470 Pastor
264 2426 336 2470 oare
358 2426 475 2488 nepos,
499 2427 571 2489 spes
595 2407 686 2470 ouius
710 2410 798 2470 certa
822 2405 886 2471 fuit
908 2427 973 2488 res,

170 2493 321 2577 Hesperii
343 2493 447 2576 patrie
470 2496 569 2558 tertia
592 2494 774 2580 progenies.

125 2581 268 2665 Nomen,
292 2581 377 2665 quod
401 2602 494 2647 casus
518 2584 650 2648 dederat
673 2580 764 2670 (quia
787 2583 898 2648 fistula
920 2583 1063 2666 primum
1127 2600 1144 2650 o

170 2671 338 2735 Pastorale
363 2670 466 2736 melos
489 2673 655 2738 oonoinuit
678 2669 820 2758 genito),

126 2757 203 2824 Sero
226 2759 429 2825 intellectum
453 2761 539 2826 uitae
563 2761 671 2826 breuis
696 2765 939 2845 argumentum:

171 2847 310 2932 Spiritus
335 2847 433 2912 adflat
434 2848 461 2912 is
419 2851 571 2934 tquod
595 2851 680 2935 fugit
703 2872 720 2915 e
744 2851 886 2916 calamis

196 3029 230 3076 21
250 3022 317 3078 mioi
340 3025 367 3079 V
427 3032 461 3080 22
480 3025 576 3096 grabis
600 3024 627 3078 V
687 3030 720 3080 23
741 3025 832 3096 adque
856 3023 883 3077 V
941 3031 976 3080 27
995 3024 1146 3082 faboreV

126 3100 160 3150 28
180 3093 271 3150 obtat
262 3111 287 3149 rs
311 3096 338 3150 V
355 3102 360 3167 Ι
385 3097 564 3152 accumulata
587 3095 614 3149 V

196 3167 223 3236 X
249 3203 383 3240 rimosus
407 3184 433 3238 V
504 3184 675 3240 liraudauo
698 3184 725 3240 V
781 3184 960 3240 3ueruisV
1012 3187 1093 3258 4et]
1114 3189 1145 3242 at

124 3256 169 3310 uel
191 3258 224 3310 ut
247 3255 310 3310 Poll
333 3260 338 3321 Ι
366 3271 439 3325 pene
463 3255 491 3309 V
514 3257 597 3325 plene
621 3258 767 3326 Lupdua„
790 3273 859 3312 corr.
882 3257 943 3311 Poll
969 3259 973 3323 Ι
998 3256 1144 3326 obsequiis

125 3326 226 3394 Peiper
248 3326 373 3397 exequiis
392 3344 426 3382 eor
444 3327 557 3396 exequie
571 3344 617 3397 pr.
642 3327 669 3382 V

197 3414 236 3468 XI
260 3422 275 3469 2
295 3415 475 3486 Interrupisti
492 3416 616 3485 Peiper
608 3417 744 3486 inrumpis
763 3415 848 3472 mesti
871 3416 898 3470 V
916 3419 920 3486 Ι
941 3432 1057 3472 aceruus
1083 3418 1111 3472 V

127 3483 274 3540 onomine
299 3487 325 3539 V
341 3503 411 3542 eorr.
432 3488 532 3556 Peiper
586 3487 714 3542 lbreuis
740 3489 765 3542 V
817 3488 940 3544 8aiflat
933 3507 957 3542 1s
981 3488 1030 3558 Vl
1053 3491 1143 3562 quod]

125 3558 147 3623 f.
167 3572 218 3610 ceu
242 3559 247 3626 Ι
271 3558 356 3612 deleto
369 3563 434 3627 post
451 3558 567 3618 calamis
581 3564 693 3629 peneto.
