2538 3964
514 189 757 254 -401-

131 351 269 414 enarrat.
312 347 424 412 Vlixes
453 348 493 412 ad
518 347 671 432 oppidum
694 348 840 414 Eumaeo
868 350 1051 434 opitulante
1073 372 1146 435 per-

131 437 266 503 ducitur.
304 436 447 519 domum,
470 436 505 500 in
525 458 589 520 qua
612 439 703 520 proci
725 437 956 523 epulabantur,
978 439 1180 526 Ingressust

131 526 314 591 emendicat
337 525 426 590 eibos
448 525 677 590 miserabiliter
701 527 880 593 ambiendo.
916 528 991 592 inde
1016 528 1056 594 ab
1078 527 1145 593 An·

130 617 222 680 tinoo
254 614 410 679 iniuriose
439 615 589 679 afficitur.
635 614 687 679 eui
715 615 880 700 Penelopa
911 617 999 682 diras
1028 618 1069 683 ob
1097 617 1146 681 in-

130 704 307 768 humanum
331 702 455 767 facinus
479 703 685 786 imprecatur.
723 726 825 791 aqua
843 705 962 770 missus
981 704 1145 784 Eumaeus

131 795 195 875 est,
223 794 259 856 ut
285 791 418 876 hospes,
451 791 496 856 sie
525 791 611 856 enim
640 814 675 857 sc
697 792 835 874 ferebat,
863 794 1051 860 adcubitum
1073 816 1146 878 pro-

131 883 310 946 uoearetur.
348 901 386 944 ae
404 885 474 945 tum
492 880 622 965 quidem
641 880 799 948 inuitatus
819 881 958 966 gratiam
977 882 1065 968 facit,
1088 882 1198 971 sedjro

130 973 303 1034 uenturum
326 990 395 1034 sese
419 969 459 1034 ad
482 991 652 1054 uesperam
674 971 857 1055 pollicetur.

587 1231 686 1288 XVIII.

269 1331 355 1396 Ἦλθε
375 1334 404 1394 δ’
425 1334 472 1394 lul
490 1333 601 1408 πτωχὸς
619 1335 793 1409 πανδήμιος,
811 1333 844 1402 ὃς
861 1339 935 1395 κατὰ
954 1335 1025 1397 ἄστυ

272 1412 334 1466 Irus
353 1410 434 1465 adest
451 1409 564 1481 populis
582 1427 634 1480 per
651 1409 849 1466 mendicabula
866 1414 957 1469 notus.

198 1553 404 1620 Mendieante
422 1555 509 1620 intra
527 1555 613 1619 lares
632 1555 782 1638 proprios
796 1553 902 1638 Vlixe,
921 1556 1004 1622 alius
1019 1578 1146 1642 quoque

131 1643 204 1728 pari
231 1649 264 1708 et
292 1647 437 1728 egestate
465 1643 537 1708 Irus
566 1643 715 1728 accessit,
744 1644 911 1728 popularis
934 1645 1147 1730 Ithaeensius,

132 1732 234 1816 stipes
258 1733 292 1797 in
314 1733 423 1797 triuiis
448 1733 564 1797 solitus
588 1752 714 1817 rogare.
751 1734 892 1818 iurgium
915 1755 993 1820 ergo
1017 1734 1181 1818 inopiaee

132 1821 312 1886 eommunis
333 1821 551 1886 aemulatione
570 1821 762 1900 conseritur,
782 1822 867 1906 quod
888 1844 927 1886 ex
945 1823 1054 1889 uerbis
1073 1845 1145 1908 pro-

132 1909 229 1975 cessit
247 1909 288 1974 ad
302 1932 427 1988 manus,
441 1910 648 1976 hortantibus
662 1911 779 1994 procis,
794 1932 857 1994 quo
871 1911 977 1996 magis
992 1912 1063 1976 rixa
1077 1933 1146 1977 eru·

131 1999 288 2080 desseret,
307 1997 537 2084 propositoque
555 1999 701 2084 praemio
722 1999 847 2083 caprini
865 2001 986 2065 uentris
1006 2003 1146 2066 omento.

130 2087 245 2153 Victor
276 2088 378 2173 igitur
405 2086 520 2153 Vlixes
551 2088 742 2152 seminecem
769 2087 857 2153 Irum
891 2093 983 2154 extra
1013 2089 1146 2155 ianuam

130 2176 264 2261 proicit,
295 2176 433 2242 ridicula
466 2177 692 2242 adhortatione
725 2177 936 2262 compellans.
982 2176 1145 2262 Penelopa
1165 2197 1198 2246 10

131 2265 231 2329 etiam
255 2287 389 2330 munera
412 2265 475 2330 sibi
499 2288 518 2330 a
540 2265 648 2352 procis
672 2288 731 2349 pro
755 2267 871 2352 opibus
894 2267 1048 2351 cuiusque
1072 2289 1145 2332 eon-

130 2352 223 2433 ferri,
244 2353 447 2437 singulorum
467 2355 573 2418 studia
592 2355 775 2438 experiens,
794 2356 952 2441 deposcit:
975 2377 1058 2440 quae
1078 2371 1146 2421 ma·

129 2445 202 2506 ture
225 2445 340 2527 utpote
363 2464 383 2506 a
407 2442 610 2525 cupientibus
635 2445 821 2510 offeruntur.

202 2673 219 2722 4
237 2683 336 2724 comeo
356 2668 533 2738 oppitulante
548 2667 576 2722 P
627 2674 643 2723 6
664 2667 754 2741 eibos]
773 2669 841 2725 abes
856 2669 900 2742 ΡΙ
917 2668 1080 2726 ambiendos
1095 2671 1145 2796 Pp

131 2738 230 2794 antino
249 2739 277 2794 P
338 2745 353 2795 7
373 2739 421 2811 ob]
441 2739 477 2794 ab
498 2739 526 2793 P
596 2745 611 2794 9
631 2739 795 2795 adeubitum
815 2742 915 2812 Peiper
933 2744 964 2798 at
981 2757 1045 2796 cum
1064 2742 1125 2797 Pa

131 2811 166 2864 eri
185 2808 312 2879 Vpoletua
330 2811 367 2866 ad
386 2825 449 2864 eam
461 2810 621 2866 Graeculae
643 2811 680 2866 ad
699 2827 823 2866 mensam
832 2814 924 2868 Barth
980 2820 1013 2869 10
1031 2829 1144 2869 uocare·

130 2885 177 2937 tur
193 2879 373 2952 Groueuiuel
397 2897 429 2936 ae
449 2882 548 2951 Peipcr
567 2881 611 2937 eui
630 2883 685 2951 (uel
702 2881 792 2954 euius)
810 2884 945 2941 Heinsius
970 2885 1019 2954 qui
1034 2885 1144 2953 Barth,

129 2953 154 3007 is
174 2952 302 3020 Sebeulel,
320 2969 370 3008 om.
392 2954 420 3007 P
443 2951 447 3024 Ι
472 2951 578 3008 inuitus
597 2953 732 3010 Heiuau'ue

202 3057 294 3114 XVIII
315 3051 424 3130 ιῆλθε]
437 3060 555 3130 aaeePl
570 3059 865 3133 uauanmolooraraP
902 3062 1026 3133 apopuli
1036 3063 1064 3117 P
1073 3078 1143 3119 corr.

132 3130 233 3200 Palper
250 3129 356 3201 populo
375 3130 511 3187 Heinsius
582 3137 598 3185 3
617 3131 775 3187 mendicate
796 3134 824 3188 P
881 3139 898 3188 4
917 3133 980 3204 pari
998 3136 1027 3189 et
1045 3134 1145 3203 Peiper

130 3199 207 3272 parit
225 3201 253 3255 P
303 3201 442 3272 estipem
461 3202 596 3258 Heinsius
650 3204 811 3258 eeomunis
828 3205 856 3258 P
909 3203 1101 3260 tentantibus
1117 3204 1146 3258 P

166 3271 288 3413 8petris
298 3272 336 3398 1?
407 3279 439 3329 10
458 3273 635 3330 adortatioue
654 3275 709 3343 ΡΙ
738 3276 880 3345 penelopa
899 3275 928 3330 P
999 3281 1030 3329 11
1053 3275 1144 3332 euius·

130 3358 185 3412 que
223 3359 277 3413 que

183 3653 311 3698 Ausourvs.
