2466 3958
497 209 539 268 ᾗ
585 189 711 234 xxxxll
761 206 797 216 -

412 328 512 397 „Liber
530 326 695 394 Hieronymi
712 325 889 386 Acalilraris“

144 401 324 486 iterumque
347 402 368 467 f.
389 403 469 468 13611

413 505 513 575 „Liber
531 505 681 561 hieronimi
699 503 880 574 Acalilranji“

232 587 248 615 u
253 603 261 618 ο

142 581 165 644 f.
189 580 232 646 84
253 629 366 736 ',‚nar’.
387 629 483 734 usion
506 669 573 719 mu
593 679 712 719 verona
730 663 801 717 mni
820 663 977 730 stephanus
997 662 1031 716 ae

493 737 660 790 novomonte
679 735 804 804 scripsi“.

210 829 290 893 Post
313 826 500 893 Ciceronem
524 827 563 891 de
587 826 712 909 officiis,
741 830 891 910 excerpta
915 847 952 888 ex
977 824 1170 906 Lactantio,

143 918 269 982 Probae
293 920 444 982 centones
469 919 646 999 sequuntur
669 915 690 978 f.
710 916 770 980 98ιι

302 1021 401 1076 Versus
420 1020 522 1075 decimi
541 1019 638 1088 magni
655 1017 773 1073 Ausonii

300 1092 462 1146 Immortale
481 1090 551 1146 nihil
570 1090 666 1172 mundi
686 1105 811 1159 conpage
831 1090 941 1142 tenetur
960 1119 994 1130 ·-

146 1187 178 1266 [i.
207 1207 233 1250 e.
264 1183 396 1248 quenci
429 1183 586 1247 historiae
620 1182 827 1266 euangelicae
858 1181 1080 1266 prooemium,
1122 1183 1168 1248 ab

145 1273 287 1338 Auantio
312 1295 340 1337 a.
360 1273 448 1337 ‘1507
473 1272 535 1336 hoc
558 1271 654 1335 titulo
680 1271 814 1336 editum:
1075 1289 1078 1294 ·

391 1375 526 1445 „Ausonii
545 1392 657 1430 carmen
676 1373 901 1446 imperfectum“]

143 1469 256 1533 deinde
280 1472 356 1552 post
378 1467 546 1533 Prudentii
571 1468 694 1551 aliquot
718 1467 860 1530 carmina

145 1577 252 1640 s2107¹¹
270 1573 374 1642 Incipit
391 1571 493 1626 Versus
513 1572 642 1625 Pascales
662 1567 772 1624 Decimi
790 1570 886 1639 magni
904 1571 1020 1626 Ausonii
1077 1571 1165 1646 [317]

145 1646 249 1710 1410812
266 1643 376 1698 Decimi
393 1641 490 1711 Magni
509 1641 625 1696 Ausonii
644 1641 680 1695 ad
700 1639 894 1710 Censorium*)
913 1640 1048 1712 Magnum
1067 1643 1166 1700 Auso·

284 1714 364 1768 nium
382 1714 515 1783 nepotem
534 1730 622 1766 suum.
661 1712 811 1782 [Piotrept.
830 1714 889 1766 sine
901 1714 1079 1781 praefatione
1099 1719 1167 1771 322

993 1826 998 1837 .
1018 1789 1089 1839 1-1

287 1855 357 1910 Sunt
375 1854 461 1909 ctiam
480 1853 567 1908 Musis
586 1871 636 1907 sua
655 1853 765 1908 ludicra
784 1853 872 1908 mixta
891 1801 1012 1909 oameiiis
1033 1887 1066 1896 —
1092 1785 1124 1857 3]

285 1929 431 1982 Detcsaere
450 1942 538 1994 nepus
556 1942 679 1994 numque
698 1924 811 1980 horrida
829 1923 920 1980 forma
939 1923 1084 1996 magistri.¹

354 1997 443 2066 Explc
464 1996 583 2065 Grypus.

210 2087 261 2153 Ex
281 2088 390 2154 codice
408 2088 517 2151 nescio
543 2108 607 2170 quo
629 2085 726 2150 huius
750 2085 873 2151 ordinis
897 2082 988 2172 (nam
1012 2087 1051 2151 de
1073 2087 1165 2154 Tici-

144 2178 238 2242 nensi
257 2177 356 2243 dubia
374 2197 424 2239 res
444 2173 507 2259 est)
522 2174 776 2260 Pythagorici
797 2176 978 2240 carminis
995 2177 1164 2260 exempla

145 2268 194 2331 ria
218 2288 255 2330 ea
279 2266 425 2330 derinata
449 2269 536 2345 sunt,
560 2284 641 2348 quae
664 2263 824 2328 habentur
847 2263 880 2327 in

94 2363 133 2416 M
211 2356 256 2420 M
266 2384 307 2407 =
324 2354 391 2419 cod.
415 2354 582 2418 Marciano
610 2353 663 2416 lai.
686 2353 721 2416 cl.
747 2351 828 2416 XII
852 2357 893 2417 69
920 2351 974 2434 (cf.
998 2351 1101 2418 Goetz
1124 2356 1163 2419 in

144 2443 344 2510 Fleckeiseni
360 2442 442 2506 Ann.
461 2442 553 2521 1878,
575 2437 653 2527 768)
671 2440 858 2525 diligentius
878 2441 1039 2524 descripto
1059 2465 1163 2527 quam

143 2534 245 2598 altero

100 2627 126 2683 θ
211 2621 298 2686 G=
314 2619 461 2685 Gaiano
485 2617 550 2684 145
573 2641 658 2684 nunc
677 2617 980 2702 Gnelpherbytano‚
1003 2617 1042 2682 de
1066 2621 1162 2686 cuius

144 2711 251 2796 priore
278 2713 373 2792 parto
402 2709 522 2791 scripta
549 2706 663 2771 Iadrae
690 2706 814 2790 Illyrici
843 2707 878 2770 in
904 2707 983 2772 urbe
1012 2731 1039 2772 a.
1071 2709 1161 2776 1445

143 2798 229 2863 infra
252 2801 373 2878 agetur.

210 2885 245 2970 4)
262 2887 420 2962 Quartum
436 2885 579 2949 eiusdem
589 2884 704 2949 classis
717 2884 852 2949 nomino
862 2885 990 2968 librum,
1005 2885 1060 2968 qui
1071 2907 1161 2952 nunc
1216 2927 1218 2932 ,

145 2976 326 3060 deperditus
349 2975 486 3040 uidetur.
527 2973 750 3037 Matthaeus
780 2973 865 3038 enim
889 2972 1033 3038 Bessus
1056 2972 1160 3040 Vero-

144 3065 263 3146 nensis,
282 3067 474 3147 procurator
488 3062 650 3146 generalis
666 3062 924 3147 Augustinianus
944 3057 1011 3148 (ob.
1027 3061 1160 3129 Patauii

145 3176 172 3218 a.
189 3153 274 3218 1502
294 3153 410 3216 aetatis
432 3150 487 3238 75)
507 3151 542 3215 in
561 3151 701 3234 epistula
721 3151 760 3215 ad
781 3149 944 3236 Angelum
959 3149 1159 3218 Politianum

232 3363 258 3434 *)
278 3364 316 3418 In
339 3364 516 3431 incoeptione
537 3359 707 3416 Genethliaci
723 3376 775 3428 pra
798 3376 863 3415 noce
886 3357 1049 3414 Censorium
1074 3364 1159 3417 codex

148 3471 297 3526 Parisinus
324 3471 403 3526 habet
425 3475 460 3524 eir
485 3455 530 3524 iffi
553 3469 636 3539 (qnod
662 3467 762 3523 rectius
791 3467 976 3535 interpreteris
1009 3465 1155 3538 eundem);

146 3543 211 3598 inde
229 3544 302 3598 hane
320 3558 435 3598 crimem
453 3547 550 3598 nciam
564 3544 635 3610 nnio
654 3555 715 3593 cnm
733 3538 898 3593 Scientelia.
