2538 3964
550 191 790 256 -478—

418 383 510 438 XVIII
527 380 791 438 EPISTVLARVM
809 380 926 435 LIBER.

161 491 174 544 l
195 490 369 562 (Symmachi
388 505 432 559 ep.
451 488 465 542 I
484 493 539 553 31).

217 567 249 616 17
270 561 415 616 1111111111
438 576 483 631 ep.
502 559 554 615 Vll
580 565 612 614 16
635 559 747 614 facilius
771 561 815 614 eet
832 558 932 629 'ignem
954 559 984 613 in
1006 575 1091 628 pyrae
1120 560 1182 614 ani-

270 635 380 688 matum
397 631 496 701 lingua
515 631 688 702 conprimere
711 647 796 700 quam
824 629 967 685 silentium
988 629 1062 684 iuter
1081 631 1185 700 optate

271 720 391 760 seruare.

218 781 251 830 14
270 775 364 830 Plaut.
388 772 491 829 Bacch.
515 773 545 832 11
565 779 595 842 3,
615 777 649 828 30
678 775 752 843 (180)
779 772 822 828 ita
847 788 893 827 me
921 772 1057 827 nudatum
1085 789 1185 828 amore

269 846 451 914 uinctumque
471 843 584 899 attineo.

218 923 249 971 17
269 915 396 972 Petronii
417 915 453 970 fr.
476 913 594 968 XXVIII
619 914 652 968 B.
695 931 761 969 nam
786 913 870 970 citius
897 913 1023 968 flammae
1046 916 1186 971 mortales

271 1003 318 1042 ore
340 986 490 1054 tenebunt,
514 1002 598 1055 quem
623 989 731 1041 secreta
753 986 862 1055 tegant.
887 983 921 1038 cf.
941 984 1047 1039 Ennius
1070 985 1184 1055 11).ὒί-

271 1075 364 1113 cercn.
385 1059 420 1112 de
440 1060 510 1112 crat.
529 1055 555 1109 Il
574 1063 618 1124 14,
637 1062 699 1111 220.

158 1128 188 1182 II
208 1126 300 1200 [XVII
314 1129 380 1200 407]
401 1133 417 1182 3
437 1131 467 1183 11
486 1134 501 1182 3
515 1128 620 1183 Fronto
638 1127 675 1181 ad
688 1126 793 1182 Verum
807 1125 833 1181 II
849 1133 863 1180 1
878 1128 916 1195 (p.
933 1131 983 1180 131
997 1127 1083 1197 Neb.)
1098 1129 1185 1198 plane

268 1199 346 1254 dicta
359 1199 454 1254 omnia
474 1203 503 1253 et
520 1200 608 1254 uerba
629 1197 785 1263 delenifica,
806 1199 913 1266 pietate
927 1199 956 1252 et
974 1197 1029 1251 fide
1044 1201 1074 1253 et
1087 1215 1187 1255 amore

269 1272 299 1325 et
317 1270 455 1325 desiderio
475 1269 605 1326 dilibuto..

234 1347 250 1395 3
268 1340 412 1397 Ennodiue
431 1339 483 1422 Ep.
502 1341 529 1396 11
549 1347 581 1396 19
601 1341 649 1396 Ha
668 1341 701 1394 ut
719 1339 917 1395 alucinationie
936 1343 1049 1396 nostrae
1068 1343 1184 1398 concin-

268 1412 346 1468 natio
372 1429 429 1468 non
453 1413 607 1467 mhumena
629 1411 767 1466 uideatur.
809 1409 918 1466 Enncd.
937 1409 971 1475 V,
992 1416 1006 1465 1
1025 1411 1185 1470 inhumana

268 1483 492 1540 concinnatione.

215 1561 248 1608 14
267 1552 294 1610 11
313 1555 353 1610 Ou
374 1555 421 1610 ido
439 1554 528 1623 praef.
546 1552 598 1608 in:
617 1552 750 1608 nebulam
768 1553 876 1623 pictam
893 1555 924 1607 in
941 1551 1060 1622 pariete.

215 1632 248 1680 19
267 1573 376 1752 Enntpffi
391 1625 445 1751 gp.
459 1624 486 1678 H
501 1630 534 1679 19
548 1624 584 1678 Η.
605 1625 653 1694 qui
671 1628 700 1679 te
718 1625 793 1679 ultra
812 1624 1037 1680 emendationem
1057 1625 1187 1682 omnium

290 1712 321 1752 ro
378 1714 390 1751 e
417 1739 422 1750 .

214 1773 247 1822 21
291 1769 365 1824 ‘cero
389 1767 424 1822 de
448 1769 519 1823 orat.
537 1767 576 1821 Ill
594 1768 650 1838 (44)
675 1772 726 1821 173
749 1769 859 1821 ueteres
881 1765 1005 1822 illi...
1030 1767 1187 1824 uerborum

268 1842 297 1894 et
315 1837 516 1894 sententiarum
537 1839 620 1894 modo
633 1839 825 1908 interpunctas
840 1836 978 1894 clausulae
996 1837 1027 1891 in
1046 1839 1186 1894 orationi-

269 1911 321 1966 bue
342 1925 402 1966 esee
424 1910 592 1976 uoluerunt,
614 1909 698 1978 idque
717 1908 848 1978 princepe
867 1910 1004 1964 leocrates
1022 1908 1186 1966 instituisse

267 1981 401 2038 fertur..
417 1998 505 2036 .nam
521 2019 527 2034 .
544 2020 550 2034 .
568 2019 574 2034 .
590 1981 668 2036 uccie
689 2018 696 2033 .
716 2018 723 2033 .
742 1979 963 2035 moderationem
982 1983 1012 2035 et
1029 1982 1185 2037 uerborum

268 2052 478 2109 conclusionem
497 2091 504 2105 .
526 2090 533 2107 .
554 2090 562 2106 .
581 2051 723 2121 apcetica
741 2051 777 2105 ad
797 2050 987 2119 eloquentiam
1005 2052 1186 2109 traducenda

270 2124 418 2178 duxerunt.

214 2200 247 2248 41
268 2195 361 2249 Plaut.
380 2193 479 2249 Pseud
499 2197 551 2247 915
570 2192 724 2247 monendus
742 2210 777 2248 ne
796 2209 841 2249 me
859 2210 983 2248 moneae.
1238 2239 1239 2260 p

267 2262 293 2319 4
312 2264 399 2320 Cento
418 2261 507 2334 praef.
526 2268 559 2316 31
580 2266 612 2317 ut
630 2262 747 2319 doceam
766 2264 907 2320 docendus
925 2262 996 2334 ipre.
1238 2267 1239 2276 ’

214 2342 248 2391 43
267 2335 376 2390 Ennod.
405 2335 455 2404 Ep.
479 2334 492 2387 I
516 2341 545 2388 2:
572 2333 627 2388 hac
657 2333 761 2391 fiducia
791 2352 987 2405 prouocassem
1014 2339 1120 2392 uentos
1148 2337 1185 2392 ad

267 2406 399 2476 flandum,
409 2405 445 2460 ad
456 2421 568 2460 curuum
577 2405 700 2472 flumina,
711 2407 846 2461 Faustum
856 2423 950 2461 meum
958 2407 995 2461 ad
1004 2406 1184 2463 facundiam.

159 2477 213 2533 llll
232 2477 310 2549 [VIII
324 2477 388 2548 397]
412 2483 428 2532 5
448 2475 553 2547 Vergil.
568 2479 602 2531 A.
617 2476 669 2530 Vll
685 2483 735 2532 779
755 2477 918 2549 cornipedes
937 2477 1003 2547 equi
1019 2477 1054 2532 A.
1071 2479 1112 2534 VI
1132 2485 1183 2534 uel

270 2549 449 2619 cornipedum
469 2564 613 2617 equorum.

271 2619 364 2688 einp.
384 2618 449 2674 XVI
468 2624 503 2674 31
522 2618 671 2674 subiuncta
689 2619 827 2689 petorrita
844 2620 936 2675 111111.

234 2690 533 2760 eadmxm

219 2768 252 2817 10
318 2762 369 2832 Ep.
388 2761 454 2816 XVI
473 2767 516 2816 24.
535 2763 568 2816 ut
585 2777 665 2816 mora
683 2761 721 2816 eit
739 2761 829 2817 libera
847 2759 981 2817 desidiae.

162 2830 187 2885 V
209 2831 384 2904 [11111398]
404 2832 438 2889 11.
458 2831 529 2887 Ρ111.
549 2851 576 2888 1.
596 2834 623 2887 h.
642 2831 746 2887 XXXII
765 2848 789 2888 c.
808 2832 855 2901 Vl,
876 2838 990 2888 19-61.

236 2910 250 2957 1
270 2906 418 2972 nepotum:
436 2901 508 2962 Plin.
525 2922 551 2958 n.
565 2905 593 2958 h.
608 2902 714 2958 XXXH
728 2909 762 2958 63
776 2921 897 2960 necnon
910 2904 986 2959 inter
999 2918 1052 2959 noe
1065 2906 1181 2975 nepotis

268 2975 413 3115 cmgedpm
434 2975 627 3031 nomenclator
648 2975 776 3030 tridacna
794 2975 952 3047 appellauit
970 2973 1075 3044 (Indici
1092 2977 1181 3032 marie

270 3063 301 3100 oe
330 3062 381 3100 ea.

231 3123 247 3171 1
268 3114 381 3172 11111.
403 3121 454 3171 139
473 3116 606 3173 breuibus
628 3117 766 3186 deprensa
784 3117 865 3172 uadis
885 3116 1026 3188 [defenser
1051 3120 1087 3174 cf.
1108 3118 1184 3173 inira

268 3193 302 3242 28
322 3194 351 3244 et
370 3193 403 3244 33
422 3186 570 3258 protegit}

265 3266 281 3314 3
300 3259 406 3329 Vergil.
425 3259 457 3314 A.
477 3259 585 3314 111337
607 3258 740 3328 spelunca
760 3302 811 3316 ...
831 3275 957 3329 scrupea.

231 3336 247 3385 t
267 3331 301 3386 cf.
322 3327 348 3387 1
366 3331 416 3400 Ep.
436 3330 488 3385 XV
507 3337 541 3384 43
563 3327 588 3386 1
606 3330 675 3384 Moe.
697 3336 738 3385 74,
1235 3349 1236 3360 ’

226 3402 430 3458 .7Ρ111.1.11
449 3399 556 3456 XXXII
579 3407 613 3456 63
636 3402 761 3471 gaudent
784 3403 813 3458 et
835 3400 1065 3472 peregrinatione
1089 3404 1186 3458 trane·

266 3473 387 3542 ferrique
405 3474 436 3528 in
454 3473 565 3544 ignotae
584 3489 680 3541 aquae.

215 3549 247 3600 13
266 3546 363 3601 Horat.
383 3545 412 3601 O.
430 3544 444 3597 Ι
462 3548 505 3613 37,
524 3548 540 3597 1
559 3544 634 3598 hunc
649 3542 807 3600 Saliaribus
826 3585 832 3597 .
849 3584 878 3599 ..
898 3542 1028 3612 dapibus.
1054 3545 1186 3600 Martial.

266 3615 318 3672 XII
335 3621 383 3685 43,
408 3621 440 3670 11
464 3631 515 3671 nec
541 3614 716 3684 Capitolinae
738 3615 957 3686 pontificumque
972 3611 1077 3686 dapes.
1103 3615 1189 3688 Sym-

1229 3815 1235 3930 l
