2532 3954
520 194 757 259 -88-·

123 352 298 418 Mutandor
323 373 450 438 semper
474 353 691 437 grauioribus.
726 353 800 436 ipsa
823 357 971 418 senectus
1116 370 1153 421 16

123 441 307 526 Expectata
330 441 385 507 diu
407 443 558 526 uotisque
582 445 696 526 optata
718 441 871 526 malignis

124 530 233 596 Obicit
254 530 433 596 innumeris
457 552 574 615 corpus
597 531 772 596 lacerabile
794 530 926 596 morbis.

125 617 315 704 Spernimus
339 618 374 684 in
396 641 565 685 commune
589 641 700 686 omnes
723 619 922 705 praesentia3
946 621 1112 704 quosdam

124 707 263 774 Oonstat
286 709 374 774 nolle
397 708 474 774 deos
498 709 577 772 fieri.
613 707 749 773 Iuturna
771 709 940 773 reclamat:

125 796 212 874 ‘Quo
232 799 334 863 uitam
354 797 442 862 dedit
461 798 649 862 aeternam?
668 818 724 862 cnr
740 797 855 862 mortis
869 796 1021 882 adempta
1036 801 1090 864 est
1111 815 1159 888 ao¹

50 907 52 912 ·
125 884 320 953 Condicio‘l'
358 886 404 951 sic
429 883 593 951 Oauoasea
617 886 677 951 sub
701 907 781 970 rupa
804 885 1019 951 Prometheus

125 975 280 1041 Testetur
303 973 554 1060 Saturnigenam
577 996 636 1040 nec
658 976 790 1040 nomine
813 979 920 1040 cessat

123 1063 275 1129 Inousare
299 1063 425 1147 Iouem,
451 1062 528 1128 data
551 1063 596 1129 sit
619 1063 704 1149 quod
727 1064 798 1128 uita
819 1063 980 1148 perennis.

124 1152 262 1236 Respice
286 1156 320 1217 et
342 1152 383 1216 ad
407 1153 513 1217 cultus
537 1154 648 1218 animi.
690 1153 736 1217 sic
758 1162 874 1237 nempe
897 1152 1052 1238 pudicum

124 1240 270 1306 Perdidit
291 1240 510 1326 Hippolytum
532 1263 598 1307 non
620 1241 699 1307 felix
722 1262 799 1307 cura
820 1242 963 1325 pudoris.
1108 1259 1147 1310 25

123 1329 153 1395 Ε
178 1334 291 1395 contra
314 1330 485 1396 inlecebris
508 1330 708 1396 maculosam
732 1331 849 1418 degere
872 1331 976 1396 uitam

125 1419 228 1495 Quem
251 1419 358 1504 iuuat,
381 1418 541 1503 adspiciat
563 1441 684 1503 poenas
708 1423 741 1485 et
764 1419 901 1486 crimina
922 1439 1051 1506 regum,

124 1507 243 1573 Tereos
267 1509 383 1574 incesti
405 1509 457 1573 uel
482 1509 589 1574 mollis
613 1507 851 1595 Sardanapalli.

123 1596 298 1662 Perfidiam
322 1599 425 1662 uitare
448 1601 581 1663 monent
602 1598 667 1663 tria
689 1597 813 1664 Punica
835 1598 934 1684 bella;

125 1684 182 1750 Set
204 1686 358 1770 prohibet
381 1708 510 1751 seruare
533 1686 630 1751 fidem
654 1687 761 1752 deleta
784 1685 956 1772 Saguntos.
1108 1705 1146 1755 30

123 1773 209 1839 Viue
233 1779 266 1840 et
288 1775 447 1839 amicitias
471 1796 598 1859 semper
621 1776 700 1841 cole.
718 1812 756 1824 -
783 1772 914 1841 Crimen
937 1775 979 1841 ob
1001 1775 1093 1841 istud

124 1862 404 1949 Pythagoreorum
427 1864 527 1948 periit
550 1863 661 1930 schola
684 1864 780 1930 docta
803 1865 990 1950 sophorum.
1009 1901 1048 1910 -

124 1951 197 2017 Hoc
220 1956 367 2017 metuens
390 1953 491 2037 igitur
513 1952 619 2018 nullas
643 1954 723 2019 cole.
741 1989 778 2000 —
805 1950 937 2021 Crimen
959 1954 1001 2018 ob
1024 1953 1117 2020 istud

125 2041 245 2107 Timon
268 2041 422 2106 Palladiis
447 2042 525 2107 olim
547 2042 711 2127 lapidatus
734 2041 881 2108 Athenis.

124 2129 270 2195 Dissidet
294 2130 456 2215 ambiguis
480 2152 606 2216 semper
629 2153 720 2197 mens
743 2131 843 2198 obuia
866 2131 966 2215 uotis,
1109 2149 1146 2198 aa

123 2217 194 2284 Nec
216 2218 358 2284 uoluisse
381 2218 507 2285 homini
531 2220 611 2285 satis
635 2223 699 2286 est:
722 2223 837 2304 optata
858 2222 995 2286 recusat.

84 2369 92 2385 ,
124 2306 208 2372 Esse
232 2307 265 2372 in
288 2307 412 2373 honore
435 2309 556 2393 placet,
579 2331 655 2375 mox
678 2309 826 2394 paenitet
848 2313 882 2374 at
905 2308 1066 2374 dominari

124 2394 172 2462 Vt
194 2395 336 2480 possint,
360 2397 481 2464 seruire
505 2397 630 2463 uolunt
666 2398 752 2463 idem
776 2401 889 2463 auctus
912 2397 1036 2464 honore

198 2525 230 2573 19
250 2518 356 2587 Vergil.
374 2520 399 2573 A
418 2518 471 2572 XII
489 2524 542 2573 8⁷9
558 2535 599 2588 sq.

197 2629 230 2679 15
249 2625 409 2681 multandos
433 2624 460 2679 V
512 2631 545 2680 16
564 2626 634 2681 deest
652 2624 698 2698 Pl
719 2626 818 2680 obtata
841 2625 868 2680 V
921 2630 1026 2680 18-23
1045 2641 1096 2681 om.
1118 2627 1148 2682 V

126 2701 158 2750 18
180 2697 300 2766 spernib3
322 2697 350 2750 P
420 2703 454 2750 21
474 2694 614 2752 condictio
635 2696 665 2750 P
734 2702 769 2752 23
787 2695 935 2752 incausata
949 2697 978 2752 P
1046 2701 1081 2752 25
1101 2696 1145 2768 ip-

124 2767 246 2837 politum
264 2768 292 2822 V
305 2767 468 2838 hypolitum
481 2767 510 2821 P
524 2770 527 2838 l
543 2785 599 2824 non
617 2767 698 2839 felix]
717 2767 814 2823 infelix
829 2768 858 2822 P
908 2773 943 2822 26
961 2767 985 2821 Ε
1005 2769 1104 2824 contra
1119 2769 1148 2825 V

125 2837 165 2893 At
184 2840 281 2893 c'ontra
300 2838 329 2892 P
343 2843 347 2904 1
363 2837 504 2894 illecebris
524 2838 571 2908 ΡΙ
588 2837 684 2910 digere
705 2839 734 2892 P
803 2844 838 2893 27
857 2839 978 2908 aspiciat
1000 2839 1028 2894 V
1046 2840 1144 2910 aspice

126 2913 156 2964 et
174 2909 210 2963 ad
227 2910 274 2979 ΡΙ
289 2925 376 2980 penas
395 2909 454 2964 VP
468 2913 473 2973 Ι
488 2909 599 2980 regum]
619 2928 667 2963 nm
686 2910 737 2964 litt.
756 2911 876 2966 inomao
894 2911 921 2965 V
975 2916 1010 2966 28
1028 2910 1144 2966 thereos

126 2983 156 3051 (h
175 2998 208 3037 ea
228 2998 258 3036 ar
275 2982 368 3036 statim
387 2980 467 3062 corr.)
492 2980 519 3035 V
534 2980 611 3035 tereo
633 2981 679 3050 ΡΙ
702 2980 813 3054 inolesti
831 2982 860 3051 (a
878 2981 985 3050 aroso?)
1010 2981 1038 3036 V
1107 2987 1144 3036 29

125 3090 243 3143 monent
260 3086 316 3142 tria
352 3087 403 3142 litt.
414 3062 484 3169 tt¹y¹i
501 3088 537 3142 oz.
552 3104 587 3141 m.
607 3087 635 3142 V
650 3086 794 3143 monentia
812 3093 844 3143 ut
861 3089 920 3142 uid.
936 3087 972 3146 V¹
993 3089 1007 3170 l·
1022 3087 1100 3142 uella
1118 3088 1148 3143 V

163 3166 197 3215 30
217 3159 271 3231 set]
336 3159 340 3228 Ι
359 3158 472 3228 proibet
490 3159 515 3226 (r
532 3175 566 3212 aa
584 3161 664 3229 corr.)
689 3158 733 3226 Vl
750 3158 861 3214 sarbara
885 3158 930 3225 V!
947 3160 1095 3230 sagmthos
1118 3158 1148 3214 V

128 3233 281 3302 sagnyntos
301 3230 330 3284 P
399 3235 432 3284 31
455 3228 521 3283 uibe
545 3229 572 3284 V
594 3232 598 3297 1
624 3229 760 3284 amititias
784 3229 811 3284 V
834 3233 838 3298 ί
862 3229 934 3284 istut
957 3230 984 3285 V
1053 3237 1088 3286 82
1112 3235 1143 3294 >'<·

120 3304 212 3428 praef.
228 3302 276 3426 ylio!
292 3299 503 3425 pitagoreotrum
522 3299 549 3354 V
563 3296 762 3426 pypsgreorpm
776 3299 917 3424 Pttscola
935 3302 963 3356 V
960 3302 1078 3427 Ipchala
1090 3301 1119 3355 P
1138 3301 1143 3374 l

126 3376 225 3514 (deddc.
243 3445 290 3502 aa.)
315 3377 371 3514 Vssl
391 3371 529 3498 Eghueps]
556 3374 989 3513 1IdetliiillidiislPglurtdnlibiu
1010 3376 1145 3498 bem-*id

127 3515 226 3570 obtata
248 3515 308 3569 VP
327 3517 331 3583 Ι
351 3515 483 3570 recusant
503 3513 541 3568 ΡΙ
614 3520 648 3569 37
667 3531 751 3570 onore
775 3514 819 3578 Vl
839 3514 949 3582 penitet
969 3514 1049 3583 VPl
1069 3515 1100 3570 et
1117 3514 1147 3570 P

127 3593 159 3641 av
183 3585 211 3640 V
226 3602 259 3640 ac
278 3585 394 3642 Schenkl
465 3589 499 3640 38
517 3585 607 3655 possit
625 3617 658 3626 —
678 3586 757 3640 uolet
778 3584 837 3638 Toll
