2534 3954
526 191 768 255 -140-

135 348 263 415 Addam
285 350 456 434 praesidiis
480 349 650 416 dubiarum
674 350 804 416 condita
825 372 947 431 rerum,

136 435 201 503 Sed
224 439 320 506 modo
344 438 465 505 securis
487 460 554 505 non
577 447 698 525 castra,
722 439 779 504 sed
801 439 918 505 horrea
939 439 1070 526 Belgis;

136 527 264 593 Addam
286 527 399 593 felices
421 528 493 613 ripa
517 549 556 592 ex
578 529 715 613 utraque
739 529 871 594 colonos

135 615 242 699 Teque
264 616 351 682 inter
373 616 496 682 medios
518 616 752 701 hominumque
775 616 937 703 boumque
960 619 1094 685 labores

135 701 359 790 Stringentem
382 705 472 789 ripas
496 708 529 771 et
551 705 687 790 pinguia
709 706 799 770 culta
822 711 996 775 secantem.
1103 725 1156 776 466

134 792 211 859 Non
233 793 295 859 tibi
318 815 352 860 se
374 793 474 878 Liger
497 793 669 878 anteferet,
692 815 760 859 non
782 796 900 860 Axona
921 817 1093 883 praeceps,

134 879 286 948 Matrona
307 903 389 965 non,
412 881 516 948 Gallis
539 881 714 969 Belgisque
737 882 887 948 intersita
910 885 1000 971 linia,

135 967 308 1036 Santonico
332 971 452 1036 refluus
475 993 542 1037 non
564 972 634 1055 ipse
658 970 862 1038 Carantonus
886 977 987 1040 aestu.

135 1056 299 1125 Ooncedes
323 1058 431 1145 gelido
455 1058 581 1125 Durani
603 1060 643 1124 de
666 1063 776 1126 monte
799 1061 931 1126 uolutus

134 1147 252 1212 Amnis
275 1151 309 1212 et
332 1147 508 1214 auriferum
530 1152 707 1233 postponet
730 1147 838 1214 (161116
861 1149 990 1216 Tamen
1102 1168 1155 1219 466

135 1233 355 1320 Insanumque
377 1259 476 1302 ruens
499 1259 557 1321 per
581 1259 659 1302 saxa
681 1238 827 1304 rotantia
849 1238 915 1304 late

133 1323 172 1388 In
195 1346 284 1390 mare
307 1347 517 1409 purpureum,
545 1325 694 1391 dominae
717 1331 829 1392 tamen
852 1332 928 1392 ante
951 1327 1110 1394 Mosellae

134 1412 275 1478 Numine
299 1414 449 1500 adorato,
472 1414 674 1479 Tarbellicus
697 1415 759 1480 ibit
782 1414 932 1482 Aturrus.

179 1499 338 1588 Corniger
360 1506 509 1568 externas
532 1503 724 1568 celebrande
745 1502 886 1569 Mosella
909 1527 967 1589 per
990 1528 1081 1591 oras,

133 1587 204 1656 Nec
228 1591 308 1657 solis
331 1591 520 1657 celebrande
544 1592 641 1674 locis,
662 1592 719 1657 ubi
740 1592 832 1658 fonte
857 1616 1008 1678 supremo
1100 1611 1152 1662 476

134 1678 251 1744 Exeris
276 1683 426 1745 auratum
448 1681 598 1745 taurinae
622 1681 741 1746 frontis
767 1681 938 1766 honorem,

135 1766 245 1844 Quaue
268 1767 372 1834 trahis
395 1769 540 1853 placidos
564 1768 697 1834 sinuosa
718 1791 777 1854 per
800 1793 879 1837 arua
903 1775 1046 1857 meatus,

135 1854 197 1920 Vel
220 1878 285 1941 qua
308 1855 479 1922 Germanis
503 1857 563 1922 sub
587 1857 737 1940 portibus
762 1859 847 1925 ostia
870 1860 986 1925 soluis:

135 1941 170 2008 si
193 1945 265 2029 quis
288 1944 393 2011 honos
417 1945 507 2011 tenui
530 1947 620 2011 uolet
642 1946 809 2031 adspirare
833 1970 992 2034 camenae,

133 2031 271 2098 Perdere
295 2035 418 2118 siquis
442 2035 477 2099 in
500 2034 551 2099 hia
575 2034 764 2120 dignabitur
786 2037 854 2101 otia
876 2038 994 2120 musis,
1101 2055 1152 2105 476

133 2120 202 2186 Ibis
225 2123 261 2187 in
285 2145 343 2187 ora
364 2123 534 2189 hominum
557 2124 707 2208 laetoque
729 2123 883 2190 fouebere
906 2130 1012 2191 cantu.

133 2209 179 2274 'Pe
202 2209 313 2276 fontes
336 2212 467 2296 uiuique
490 2212 594 2295 lacus,
615 2215 650 2275 te
674 2213 803 2278 caerula
825 2220 962 2294 noscent

132 2296 296 2384 Flumina,
317 2303 351 2365 te
374 2304 499 2366 ueteres
523 2320 683 2385 pagorum
706 2301 814 2386 gloria
836 2303 913 2368 luci:

134 2385 179 2451 Te
203 2386 329 2472 Druna,
351 2393 385 2455 te
410 2390 531 2475 sparsis
554 2389 678 2455 incerta
700 2388 860 2456 Druentia
882 2392 963 2476 ripis

132 2474 310 2562 Alpinique
333 2478 442 2543 colent
465 2477 557 2542 fluuii
582 2477 803 2563 duplicemque
825 2502 884 2564 per
905 2481 1020 2546 urbem
1101 2498 1152 2549 466

132 2600 348 2610 *nn-...—

204 2657 256 2706 467
276 2652 345 2723 non]
364 2667 437 2706 nuno
455 2651 482 2705 L
497 2653 502 2722 Ι
517 2651 604 2708 borea
621 2651 651 2706 L
730 2659 782 2709 461
802 2653 867 2709 Non
885 2655 950 2708 mci.
970 2655 1023 2710 zia.
1042 2657 1107 2713 1611.
1129 2657 1155 2714 G

135 2721 231 2792 lliget
253 2721 280 2776 L
310 2725 314 2792 Ι
343 2739 453 2778 annona
471 2722 500 2777 R
523 2738 633 2778 aurona
651 2723 680 2778 B
751 2729 804 2779 462
829 2725 926 2781 Gallos
949 2725 1112 2798 Belgasque
1134 2728 1153 2785 i.

131 2791 194 2846 finis
223 2793 329 2848 1661666
351 2795 489 2862 poeticam
516 2811 535 2850 a
557 2794 714 2850 Pulmmmo
737 2796 882 2866 laudatum
906 2812 927 2852 6.
950 2814 979 2852 a.
1004 2799 1151 2856 Matrona.

130 2863 201 2917 fines
224 2883 246 2916 ω
318 2870 371 2919 466
400 2863 561 2920 santonicos
587 2863 614 2919 G
639 2867 789 2922 santonico
808 2866 835 2920 L
860 2870 864 2934 Ι
889 2867 992 2922 refluus
1084 2870 1152 2926 dnn.

131 2931 254 3003 profluus
274 2955 295 2988 ω
363 2939 416 2991 464
435 2935 534 2990 durani
553 2936 580 2990 L
642 2943 696 2993 465
713 2939 869 3009 postponat
884 2937 911 2991 L
927 2940 932 3008 1
947 2938 1058 2995 ‘l’arnen
1091 2943 1154 2996 tan-

132 3003 198 3059 dem
215 3003 243 3057 L
296 3011 350 3061 468
368 3007 481 3061 nomine
501 3027 523 3060 ω
542 3023 611 3064 corr.
626 3007 759 3080 1696166.
775 3011 780 3079 Ι
795 3009 942 3064 tarbellius
962 3031 983 3063 ω
1003 3013 1153 3081 (tarbellus

131 3075 170 3144 L)
190 3091 259 3131 corr.
278 3077 429 3133 1166666166
445 3080 449 3147 Ι
464 3075 505 3132 ibi
523 3075 552 3130 L
567 3080 571 3147 Ι
587 3081 704 3142 sturnus
722 3079 751 3136 11
770 3083 893 3135 aturrus:
912 3097 927 3134 c
946 3097 980 3136 ac
997 3083 1012 3135 t
1028 3082 1067 3136 12¹

132 3153 184 3202 466
205 3145 340 3218 Corniger
357 3149 423 3204 mai.
441 3149 503 3206 1611.
522 3149 575 3207 titt.
597 3149 623 3206 G·
642 3152 647 3219 Ι
667 3151 838 3206 celebranda
858 3151 935 3221 GL!
957 3152 1077 3208 moselle
1096 3153 1126 3210 R
1146 3156 1151 3227 Ι

131 3217 258 3275 horarii
273 3221 277 3290 Ι
293 3219 412 3275 mosella
429 3235 480 3290 per
495 3222 671 3278 6666166666.
686 3223 726 3276 Β·
779 3228 832 3278 476
847 3223 1013 3297 celebrande
1028 3227 1056 3292 (6
1070 3229 1152 3292 corr.)

134 3289 171 3346 (1·
190 3289 357 3346 celebranda
374 3290 402 3345 L
418 3293 422 3360 Ι
439 3307 560 3362 superno
580 3291 608 3349 G
669 3297 722 3347 471
740 3293 899 3349 taurinthes
917 3294 947 3350 11
1010 3301 1064 3351 476
1083 3312 1153 3366 qua·

133 3361 679 3433 666666663666161661616611611
704 3399 707 3405 ,
750 3363 1153 3434 476166616111166161666

126 3445 172 3497 pr.
184 3434 275 3488 cursio
284 3435 317 3489 16
325 3432 438 3504 6661111
474 3439 527 3489 474
536 3433 650 3489 6616111
661 3434 665 3506 l
677 3433 833 3503 aspirarem
870 3441 922 3492 476
934 3435 958 3491 61
969 3436 1045 3511 quis]
1052 3437 1152 3508 digna-

130 3533 207 3589 bitur
221 3535 262 3604 (in
275 3537 319 3592 his
334 3555 394 3606 ona,
408 3555 493 3610 morq.
509 3541 561 3595 616.
572 3541 617 3607 a)
628 3539 656 3592 B
705 3545 758 3595 476
772 3540 901 3596 drimsB
950 3548 1005 3600 460
1020 3510 1100 3612 cirini
1112 3545 1153 3600 11·
