2538 3964
520 168 761 233 -396-

136 328 292 393 memoria
314 327 464 393 fortunae
488 326 665 410 superioris
688 326 807 392 elicuit.
844 347 1021 410 quoscum
1045 329 1157 394 occul-

135 422 206 481 tare
230 416 341 482 sedulo
359 419 531 482 conaretur
554 419 611 480 aut
633 415 725 481 uultu
748 415 955 481 dissimulans
978 419 1036 481 aut
1059 422 1155 483 ueste
1177 436 1206 485 ιο

136 506 321 591 detergens,
349 505 458 570 oculos
481 504 515 569 in
538 525 572 569 se
596 505 742 569 omnium
765 508 799 570 et
821 505 961 569 maxime
983 505 1072 589 regis
1099 507 1156 571 ad-

136 595 245 659 uertit
290 597 361 660 tum
389 593 545 658 Alcinous
573 614 672 658 causa
703 593 838 658 fletuum
866 593 1011 679 cognita,
1043 597 1083 659 ut
1114 617 1155 660 ex

63 739 66 746 .
136 682 247 760 ordine
260 685 402 749 tolerata
415 683 596 761 dissereret,
610 680 751 767 benigne
768 682 933 766 pollicitus
948 681 1155 749 adhortatur.

595 943 682 1000 VIIII.

196 1047 277 1122 (Τὸν
297 1047 326 1104 δ’
347 1045 577 1124 ἀπαμειβόμενος
594 1050 723 1122 προςέφη
742 1047 896 1121 πολύμητις
911 1047 1083 1126 Ὀδυσσεῦς>

313 1121 385 1175 Tum
403 1121 466 1177 uice
485 1121 619 1177 sermonis
637 1122 714 1177 fatur
731 1121 859 1178 Laertius
877 1123 969 1178 heros.

202 1248 364 1325 Quattuor
382 1249 480 1313 istinc
498 1249 574 1314 libri
593 1249 632 1314 de
646 1247 753 1314 Vlixis
773 1270 881 1314 errore
900 1248 1043 1315 contexti
1063 1256 1153 1316 sunt.

134 1359 275 1422 namque
299 1338 340 1402 ab
360 1335 496 1403 Alcinoo
520 1341 655 1423 rogatus
680 1338 796 1403 seriem
820 1337 1009 1422 multiplicis
1029 1342 1151 1405 erroris

135 1427 283 1511 exponit,
310 1431 347 1492 ut
370 1425 411 1490 ab
434 1425 496 1491 Ilio
520 1426 683 1510 profectus
705 1426 847 1510 primum
871 1427 910 1491 ad
936 1424 1074 1493 Cicones
1098 1429 1152 1495 de·
1171 1446 1187 1495 5

134 1514 220 1580 latus
245 1515 289 1580 sit
312 1518 408 1599 atque
432 1515 499 1580 illic
522 1519 710 1601 expugnata
732 1513 858 1581 Ismaro
882 1515 1014 1580 ciuitate
1034 1517 1150 1583 multis

134 1604 264 1669 amissis
286 1604 419 1690 fugatus
440 1605 647 1686 abscesserit,
669 1607 769 1689 utque
792 1605 868 1670 inde
886 1604 1026 1669 Maleam
1045 1604 1150 1671 Laco·

133 1693 226 1757 nicae
252 1694 512 1776 promontorium
538 1693 766 1778 circumegerit
788 1714 826 1758 ao
849 1693 964 1758 deinde
988 1692 1029 1758 ad
1050 1693 1150 1760 Loto-

132 1780 259 1865 phagos
293 1780 454 1865 (uenerit,
485 1803 561 1846 mox
594 1781 635 1848 ad
668 1780 847 1866 Cyclopum
878 1781 1033 1865 insulam,
1065 1805 1150 1866 quae

133 1868 357 1954 Lotophagis>
396 1869 581 1954 obiecebat,
622 1891 695 1936 cum
731 1892 797 1936 una
831 1891 916 1935 naue
951 1874 1150 1955 processerit
1170 1890 1202 1938 10

134 1979 234 2043 eaque
263 1958 373 2024 sedulo
402 1958 566 2024 occultata
593 1959 663 2044 ipse
691 1981 765 2024 cum
792 1959 960 2025 duodecim
988 1959 1085 2025 sociis
1113 1961 1150 2026 in

135 2051 266 2111 antrum
289 2047 483 2131 Polyphemi
505 2048 739 2132 penetrauerit:
764 2048 821 2133 qui
844 2048 986 2113 cruentis
1009 2047 1148 2132 dapibus

133 2136 295 2220 expletus,
323 2157 403 2220 quas
428 2135 524 2202 caede
547 2137 708 2202 sociorum
731 2137 800 2201 eius
827 2136 1039 2220 instruxerat,
1069 2137 1147 2204 uino

134 2225 246 2307 etiam,
283 2223 369 2307 quod
401 2224 513 2290 Vlixes
545 2227 740 2310 ingesserat,
776 2225 973 2292 temulentus
1005 2247 1079 2292 cum
1112 2228 1148 2293 in

134 2333 284 2377 somnum
310 2312 551 2397 procubuisset,
579 2315 620 2379 ab
650 2312 744 2379 Vlixe
773 2317 922 2380 caecatus
950 2335 1071 2398 poenas
1100 2317 1148 2381 in·
1168 2331 1199 2382 15
1252 2353 1253 2362 ι

132 2400 300 2466 munitatis
324 2402 474 2466 exsoluit.

202 2629 282 2684 VIIII
301 2635 334 2684 12
353 2628 459 2699 Vergil.
478 2630 557 2684 AIII
571 2635 623 2685 618
642 2628 816 2700 dapibusque
835 2628 958 2685 eruentis
994 2628 1020 2683 Α
1037 2629 1077 2684 ΠΙ
1094 2636 1147 2686 630

132 2701 259 2770 expletus
279 2701 398 2774 dapibus
416 2701 539 2770 uinoque
558 2702 686 2771 sepultus

202 2918 218 2967 2
238 2911 376 2983 superiori
393 2913 480 2968 lecuit
494 2915 539 2984 ΡΙ
554 2914 635 2970 uulta
654 2912 729 3000 Quas
743 2913 771 2968 P
822 2919 854 2968 11
875 2911 1013 2986 omnium]
1032 2914 1109 2986 omes
1121 2913 1149 2970 P

133 3023 165 3071 12
183 3017 258 3088 tum]
278 3015 348 3072 Cum
367 3018 414 3086 ΡΙ
436 3021 469 3074 ut
488 3020 516 3074 P
533 3023 566 3076 ut
584 3022 685 3075 cuncta
707 3019 834 3091 Vpoletae
890 3025 923 3074 13
941 3021 1076 3077 tollerata
1094 3022 1143 3094 ΡΙ

15 3109 21 3137 ι
131 3087 277 3144 adortatur
297 3089 326 3143 P

200 3176 281 3233 VIIll
299 3184 315 3233 2
335 3178 411 3233 uices
430 3179 571 3234 hermonis
590 3179 697 3235 fetatur
714 3179 733 3234 l.
748 3179 829 3235 heres
846 3178 874 3232 P
926 3186 943 3234 3
962 3182 1084 3249 quatuor
1097 3179 1143 3254 Pl

129 3248 210 3304 libris
228 3249 257 3302 P
325 3249 468 3305 dultinoo
486 3250 528 3306 P·
600 3250 760 3306 (thiemaro
777 3251 806 3304 P
877 3251 993 3306 'Imma
1016 3268 1080 3306 eum
1104 3253 1145 3306 la-

130 3320 227 3376 conica
246 3320 274 3375 P
343 3327 359 3376 8
379 3321 479 3376 deinde
499 3321 547 3392 ad]
574 3322 610 3377 ad
628 3323 694 3377 add.
712 3321 877 3388 Accweias,
899 3338 950 3377 om.
970 3322 999 3376 P
1067 3329 1092 3379 9,
1114 3329 1146 3378 10

15 3417 17 3434 =
129 3390 240 3446 uenerit
259 3423 291 3431 —
310 3392 421 3462 Lotoph
460 3390 484 3446 is
502 3394 592 3463 suppl.
613 3392 755 3462 Vpoletas,
773 3409 823 3449 om.
841 3393 869 3446 P
942 3398 974 3448 10
994 3411 1058 3448 cum
1076 3395 1146 3467 una]

130 3479 193 3603 chnp
211 3461 289 3550 ᾗιιῬ
335 3409 508 3589 p1P.xll.P
562 3468 594 3517 12
613 3462 770 3534 poliphemi
786 3465 814 3518 P
868 3470 902 3519 14
921 3463 1028 3536 Vlixes]
1047 3465 1147 3520 ulnoes

209 3549 335 3603 mgssera
