2466 3958
485 239 527 248 -
573 222 725 268 xm·-

98 361 217 446 quibus
249 359 464 426 Suetonianus
496 383 647 427 recensus
680 362 935 449 continuaretnr3
973 367 1008 428 at
1040 366 1110 450 quis

97 453 175 534 post
198 448 316 514 Troica
338 449 423 514 ferat
445 448 625 534 Epitaphia
647 450 842 535 posteriora,
865 451 904 516 de
928 453 1045 537 quibus
1070 477 1111 519 ne

98 537 236 603 uerbum
264 537 394 622 quidem
421 539 456 602 in
483 538 696 623 praefatione,
724 543 760 604 ut
785 540 832 604 nil
855 539 959 605 dicam
982 542 1021 606 de
1045 543 1111 626 epi·

99 625 195 692 stulis
220 626 260 691 ad
278 625 416 691 Paulum
435 625 602 692 Thoonem
616 627 789 692 Paulinum
803 627 1009 713 Hesperium,
1032 652 1111 715 quas

99 715 156 780 uix
183 714 245 780 tibi
273 715 470 799 persuadeas
497 717 532 780 in
554 715 779 782 Theodosiano
806 716 908 782 fuisse
937 721 1113 802 exemplari

98 804 210 869 lectas.
255 803 332 868 hino
361 825 434 868 oum
464 825 588 870 errasse
616 827 668 870 me
697 804 866 889 adpareat,
896 829 970 872 oum
997 807 1112 873 relicta

100 915 120 957 a
143 894 241 976 poeta
264 891 379 956 haberi
402 892 437 956 in
459 891 511 958 his
535 893 700 959 codicibus
723 893 877 978 dicerem,
899 899 1011 961 tamen
1032 897 1114 962 haec

101 981 226 1064 optime
257 981 305 1045 ita
336 980 423 1045 inter
455 1002 489 1046 se
517 983 723 1065 conueniant,
754 982 784 1046 si
810 983 964 1068 pleraque
992 1006 1114 1068 corum,

101 1088 185 1154 qnae
212 1072 289 1154 post
317 1091 345 1134 a.
367 1069 433 1134 390
462 1074 679 1155 accesserunt,
710 1072 744 1134 in
771 1070 834 1135 fine
862 1071 1037 1138 uoluminis
1061 1073 1114 1138 ad-

101 1159 188 1222 iecta
220 1156 322 1224 fuisse
349 1157 536 1242 putabimus
564 1163 741 1244 posteaque
769 1159 913 1244 abreptis
940 1161 1008 1226 illis
1038 1183 1114 1246 qua-

100 1246 303 1311 ternionibus
322 1246 420 1311 etiam
439 1247 546 1312 media
564 1248 731 1332 quaedam,
750 1248 865 1312 solutis
880 1248 1018 1314 uinculis
1033 1272 1115 1335 quae

102 1334 294 1418 exciderint,
327 1335 502 1400 accessisse
534 1335 628 1418 folia,
661 1335 695 1400 in
727 1335 844 1420 quibus
871 1336 1115 1404 Theodosiacus

102 1423 255 1488 editionis
278 1424 424 1488 carmina
447 1425 572 1508 aliquot
595 1424 775 1508 perscripta
798 1428 903 1510 erant3
927 1427 1013 1492 inter
1032 1449 1115 1512 quae

101 1511 166 1576 fuit
189 1515 222 1576 et
240 1509 365 1595 Cupido
386 1515 419 1577 et
438 1512 663 1595 Ephemeridis
682 1513 841 1598 particula
859 1513 930 1598 illa,
952 1536 1050 1598 quam
1075 1515 1115 1580 ad

102 1600 268 1664 notarium
296 1599 488 1685 inscriptam
516 1601 640 1686 posteri
664 1602 747 1666 inter
771 1601 1006 1686 epigrammata
1029 1607 1115 1669 retu-

102 1690 219 1754 lerunt.

170 1776 242 1840 Iam
266 1776 295 1840 si
314 1775 505 1862 Cupidinem
523 1776 688 1842 Ausonius
711 1777 892 1843 subiecerat
914 1779 997 1843 libro
1020 1778 1117 1845 Eulo-

103 1862 258 1951 garum*)
293 1863 513 1949 Mosellaeque
549 1867 774 1950 praemiserat,
810 1864 907 1932 facile
945 1868 1117 1951 suspiceris

104 1974 177 2017 eam
195 1954 353 2018 iacturam
371 1954 567 2037 praelusisse
586 1955 690 2020 multo
709 1954 863 2040 grauiori,
885 1977 981 2039 quam
1003 1961 1118 2040 postea

103 2042 201 2126 paulo
221 2042 347 2126 accepit
368 2042 572 2127 archetypus,
591 2065 664 2108 oum
678 2043 916 2108 abalienaretnr
930 2045 1017 2110 istud
1032 2046 1117 2129 quod

105 2152 180 2195 cum
204 2130 387 2213 excipiebat
411 2131 656 2196 celeberrimum
680 2153 809 2197 carmen
832 2128 1007 2217 (Mosella).

99 2241 102 2247 ·
171 2217 349 2283 Videamus
381 2219 448 2284 ianr
479 2219 616 2284 alteram
643 2220 774 2285 turbam
807 2221 1003 2304 carminum,
1036 2243 1118 2306 quae

105 2306 226 2372 Tiliani
246 2307 401 2372 sodalitas
421 2307 618 2394 circumfert,
640 2309 896 2374 communium
919 2331 1001 2374 cum
1020 2309 1120 2374 Vos-

106 2396 233 2480 siano,
252 2396 307 2461 sed
320 2397 518 2462 foedissimis
534 2397 741 2462 librariorum
756 2397 946 2462 commentis
961 2398 1119 2463 deforma-

105 2487 225 2567 torum,
244 2506 326 2567 quae
338 2507 406 2550 non
420 2486 572 2569 sequiora
585 2485 713 2550 demum
728 2485 878 2570 genuisse
893 2486 1023 2551 saecula
1037 2488 1119 2552 anti-

107 2572 283 2656 quissimus
298 2574 392 2638 testis
411 2573 491 2638 folia
506 2572 790 2658 Cantabrigiensia
805 2574 989 2639 ostendunt.
1021 2597 1120 2658 porro

106 2659 283 2748 Caesarum
314 2663 498 2747 intercepte
525 2665 575 2728 est
602 2663 706 2727 maior
734 2685 825 2747 pars,
858 2662 1121 2748 Technopaegnii

107 2749 226 2813 desunt
253 2750 335 2815 duae
362 2751 553 2835 particulae,
583 2773 649 2815 nna
675 2750 814 2836 habetur
843 2773 882 2816 ex
904 2750 1120 2834 Eph'emeride

180 2923 208 2994 *)
231 2923 307 2994 quod
331 2923 403 2979 mihi
426 2941 538 2992 prorsus
562 2925 669 2979 certum
692 2926 736 2980 est
759 2941 794 2978 ex
812 2924 947 2979 memoria
970 2922 1053 2979 huius
1072 2925 1122 2994 rei,

108 3010 195 3063 quam
223 2996 296 3050 male
319 2995 489 3049 inmutatam
513 2996 673 3049 seruauitZ
697 2994 815 3050 familia.
853 3012 918 3050 nam
942 3011 1012 3063 quae
1036 2994 1122 3051 titulo

108 3065 212 3120 omisso
235 3068 301 3120 ante
325 3065 445 3120 salutem
464 3064 598 3135 Gregorio
623 3065 727 3121 dictam
751 3066 883 3136 leguntur
900 3067 987 3120 uerba
1005 3067 1123 3135 ,pumpil

108 3137 310 3206 oeployarwm‘g
335 3137 365 3190 in
388 3137 432 3191 his
454 3137 555 3206 incipit
577 3136 649 3190 illud
671 3136 743 3192 falso
763 3137 897 3206 scriptum
915 3153 967 3206 pro
986 3153 1029 3204 eo,
1047 3138 1123 3206 quod

108 3205 498 3333 pssmista-illins?
516 3207 665 3333 fidili?
683 3209 1124 3334 &senescentes

109 3294 344 3417 gpnipprudpnte
366 3347 496 3416 librario,
515 3297 603 3404 Ibuius
626 3296 810 3404 mbxqoculos
833 3349 1021 3404 adnectebant
1038 3320 1125 3404 derha

109 3419 175 3473 bair
193 3421 312 3490 coloque,
335 3419 420 3474 facile
439 3420 475 3475 ad
493 3419 567 3474 huno
585 3420 710 3490 potuisse
728 3419 817 3484 trahi,
843 3437 938 3475 omnes
958 3420 1041 3475 credo
1060 3437 1124 3475 con·

109 3489 218 3544 cedent.
246 3490 312 3545 hinc
329 3507 434 3545 nouum
452 3491 531 3545 uides
551 3491 643 3546 ordini
660 3492 689 3545 in
703 3491 816 3562 Eclogis
839 3509 856 3546 a
875 3507 919 3545 me
934 3490 1064 3546 instituto
1078 3508 1125 3546 ao-

111 3560 209 3616 cedere
227 3561 406 3631 praesidium.
