<?xml version="1.0" encoding="UTF-8"?>
<!DOCTYPE html PUBLIC "-//W3C//DTD XHTML 1.0 Transitional//EN"
    "http://www.w3.org/TR/xhtml1/DTD/xhtml1-transitional.dtd">
<html xmlns="http://www.w3.org/1999/xhtml" xml:lang="en" lang="en">
 <head>
  <title>
</title>
<meta http-equiv="Content-Type" content="text/html;charset=utf-8" />
  <meta name='ocr-system' content='tesseract 3.04.00' />
  <meta name='ocr-capabilities' content='ocr_page ocr_carea ocr_par ocr_line ocrx_word'/>
</head>
<body>
  <div class='ocr_page' id='page_1' title='image "./decimimagniavso01ausogoog_0139.png"; bbox 0 0 2516 3954; ppageno 0'>
   <div class='ocr_carea' id='block_1_1' title="bbox 540 187 738 250">
    <p class='ocr_par' dir='ltr' id='par_1_1' title="bbox 540 187 738 250">
     <span class='ocr_line' id='line_1_1' title="bbox 540 187 738 250; baseline 0 -18"><span class='ocrx_word' id='word_1_1' title='bbox 540 187 738 250; x_wconf 70' lang='lat'><strong>„2-</strong></span> 
     </span>
    </p>
   </div>
   <div class='ocr_carea' id='block_1_2' title="bbox 137 347 1247 1944">
    <p class='ocr_par' dir='ltr' id='par_1_2' title="bbox 137 347 1247 1944">
     <span class='ocr_line' id='line_1_2' title="bbox 137 347 1030 425; baseline -0.002 -12"><span class='ocrx_word' id='word_1_2' title='bbox 137 348 207 414; x_wconf 87' lang='lat' dir='ltr'><strong>Neo</strong></span> <span class='ocrx_word' id='word_1_3' title='bbox 230 349 303 412; x_wconf 88' lang='lat' dir='ltr'><strong>fora</strong></span> <span class='ocrx_word' id='word_1_4' title='bbox 325 370 392 414; x_wconf 90' lang='lat' dir='ltr'><strong>uon</strong></span> <span class='ocrx_word' id='word_1_5' title='bbox 416 347 580 412; x_wconf 84' lang='lat' dir='ltr'><strong>celebrata</strong></span> <span class='ocrx_word' id='word_1_6' title='bbox 601 347 696 425; x_wconf 89' lang='lat' dir='ltr'><strong>mihi,</strong></span> <span class='ocrx_word' id='word_1_7' title='bbox 720 351 770 412; x_wconf 86' lang='lat' dir='ltr'><strong>set</strong></span> <span class='ocrx_word' id='word_1_8' title='bbox 793 369 871 412; x_wconf 90' lang='lat' dir='ltr'><strong>cura</strong></span> <span class='ocrx_word' id='word_1_9' title='bbox 893 347 1030 413; x_wconf 90' lang='lat' dir='ltr'><strong>docendi</strong></span> 
     </span>
     <span class='ocr_line' id='line_1_3' title="bbox 184 435 880 521; baseline -0.003 -19"><span class='ocrx_word' id='word_1_10' title='bbox 184 435 324 519; x_wconf 84' lang='lat' dir='ltr'><strong>Cultior,</strong></span> <span class='ocrx_word' id='word_1_11' title='bbox 343 442 381 502; x_wconf 88' lang='lat' dir='ltr'><strong>et</strong></span> <span class='ocrx_word' id='word_1_12' title='bbox 403 459 524 502; x_wconf 92' lang='lat' dir='ltr'><strong>nomen</strong></span> <span class='ocrx_word' id='word_1_13' title='bbox 547 435 754 521; x_wconf 85' lang='lat' dir='ltr'><strong>grammatici</strong></span> <span class='ocrx_word' id='word_1_14' title='bbox 777 437 880 500; x_wconf 89' lang='lat' dir='ltr'><strong>merui</strong></span> 
     </span>
     <span class='ocr_line' id='line_1_4' title="bbox 138 525 1128 612; baseline -0.001 -20"><span class='ocrx_word' id='word_1_15' title='bbox 138 526 217 592; x_wconf 89' lang='lat' dir='ltr'><strong>Non</strong></span> <span class='ocrx_word' id='word_1_16' title='bbox 239 531 309 590; x_wconf 83' lang='lat' dir='ltr'><strong>tam</strong></span> <span class='ocrx_word' id='word_1_17' title='bbox 332 525 455 612; x_wconf 77' lang='lat' dir='ltr'><strong>grande</strong></span> <span class='ocrx_word' id='word_1_18' title='bbox 479 525 619 609; x_wconf 90' lang='lat' dir='ltr'><strong>quidem,</strong></span> <span class='ocrx_word' id='word_1_19' title='bbox 646 547 710 608; x_wconf 90' lang='lat' dir='ltr'><strong>quo</strong></span> <span class='ocrx_word' id='word_1_20' title='bbox 733 525 839 609; x_wconf 86' lang='lat' dir='ltr'><strong>gloria</strong></span> <span class='ocrx_word' id='word_1_21' title='bbox 861 528 976 606; x_wconf 84' lang='lat' dir='ltr'><strong>nostra</strong></span> <span class='ocrx_word' id='word_1_22' title='bbox 1000 526 1128 591; x_wconf 84' lang='lat' dir='ltr'><strong>subiret</strong></span> 
     </span>
     <span class='ocr_line' id='line_1_5' title="bbox 184 607 1157 698; baseline 0 -18"><span class='ocrx_word' id='word_1_23' title='bbox 184 615 364 680; x_wconf 85' lang='lat' dir='ltr'><strong>Aemilium</strong></span> <span class='ocrx_word' id='word_1_24' title='bbox 387 619 445 680; x_wconf 87' lang='lat' dir='ltr'><strong>aut</strong></span> <span class='ocrx_word' id='word_1_25' title='bbox 467 613 624 680; x_wconf 80' lang='lat' dir='ltr'><strong>Scaurum</strong></span> <span class='ocrx_word' id='word_1_26' title='bbox 646 613 859 697; x_wconf 81' lang='lat' dir='ltr'><strong>Berytiumue</strong></span> <span class='ocrx_word' id='word_1_27' title='bbox 881 607 1039 698; x_wconf 87' lang='lat' dir='ltr'>Probum,</span> <span class='ocrx_word' id='word_1_28' title='bbox 1124 631 1157 680; x_wconf 83' lang='grc' dir='ltr'><strong>2ο</strong></span> 
     </span>
     <span class='ocr_line' id='line_1_6' title="bbox 140 703 1028 790; baseline -0.001 -21"><span class='ocrx_word' id='word_1_29' title='bbox 140 703 203 770; x_wconf 85' lang='lat' dir='ltr'><strong>Sed</strong></span> <span class='ocrx_word' id='word_1_30' title='bbox 226 726 290 790; x_wconf 89' lang='lat' dir='ltr'><strong>qno</strong></span> <span class='ocrx_word' id='word_1_31' title='bbox 314 707 493 788; x_wconf 77' lang='lat' dir='ltr'><strong>nostrates,</strong></span> <span class='ocrx_word' id='word_1_32' title='bbox 517 703 713 787; x_wconf 85' lang='lat' dir='ltr'><strong>Aquitanica</strong></span> <span class='ocrx_word' id='word_1_33' title='bbox 735 703 883 787; x_wconf 88' lang='lat' dir='ltr'><strong>nomina,</strong></span> <span class='ocrx_word' id='word_1_34' title='bbox 906 703 1028 768; x_wconf 86' lang='lat' dir='ltr'><strong>multos</strong></span> 
     </span>
     <span class='ocr_line' id='line_1_7' title="bbox 186 791 942 876; baseline -0.007 -16"><span class='ocrx_word' id='word_1_35' title='bbox 186 793 358 872; x_wconf 83' lang='lat' dir='ltr'><strong>Conlatus,</strong></span> <span class='ocrx_word' id='word_1_36' title='bbox 381 795 432 857; x_wconf 90' lang='lat' dir='ltr'><strong>set</strong></span> <span class='ocrx_word' id='word_1_37' title='bbox 454 814 522 857; x_wconf 93' lang='lat' dir='ltr'><strong>non</strong></span> <span class='ocrx_word' id='word_1_38' title='bbox 546 791 713 876; x_wconf 90' lang='lat' dir='ltr'><strong>subditus,</strong></span> <span class='ocrx_word' id='word_1_39' title='bbox 736 792 942 875; x_wconf 82' lang='lat' dir='ltr'><strong>adspicerem.</strong></span> 
     </span>
     <span class='ocr_line' id='line_1_8' title="bbox 139 880 962 968; baseline -0.005 -20"><span class='ocrx_word' id='word_1_40' title='bbox 139 883 339 968; x_wconf 72' lang='lat' dir='ltr'><strong>Exactisque</strong></span> <span class='ocrx_word' id='word_1_41' title='bbox 362 881 477 947; x_wconf 85' lang='lat' dir='ltr'><strong>dehinc</strong></span> <span class='ocrx_word' id='word_1_42' title='bbox 499 901 558 962; x_wconf 90' lang='lat' dir='ltr'><strong>per</strong></span> <span class='ocrx_word' id='word_1_43' title='bbox 580 883 668 946; x_wconf 88' lang='lat' dir='ltr'><strong>trina</strong></span> <span class='ocrx_word' id='word_1_44' title='bbox 690 880 844 946; x_wconf 86' lang='lat' dir='ltr'><strong>decennia</strong></span> <span class='ocrx_word' id='word_1_45' title='bbox 867 880 962 946; x_wconf 83' lang='lat' dir='ltr'><strong>fastis</strong></span> 
     </span>
     <span class='ocr_line' id='line_1_9' title="bbox 186 969 884 1055; baseline -0.006 -19"><span class='ocrx_word' id='word_1_46' title='bbox 186 972 323 1036; x_wconf 88' lang='lat' dir='ltr'><strong>Deserui</strong></span> <span class='ocrx_word' id='word_1_47' title='bbox 347 969 461 1035; x_wconf 85' lang='lat' dir='ltr'><strong>doctor</strong></span> <span class='ocrx_word' id='word_1_48' title='bbox 484 970 715 1055; x_wconf 80' lang='lat' dir='ltr'><strong>municipalem</strong></span> <span class='ocrx_word' id='word_1_49' title='bbox 738 977 884 1055; x_wconf 85' lang='lat' dir='ltr'><strong>operam,</strong></span> 
     </span>
     <span class='ocr_line' id='line_1_10' title="bbox 142 1057 1247 1143; baseline -0.003 -17"><span class='ocrx_word' id='word_1_50' title='bbox 142 1063 251 1126; x_wconf 79' lang='lat' dir='ltr'><strong>Aurea</strong></span> <span class='ocrx_word' id='word_1_51' title='bbox 274 1063 307 1124; x_wconf 89' lang='lat' dir='ltr'><strong>et</strong></span> <span class='ocrx_word' id='word_1_52' title='bbox 330 1057 473 1143; x_wconf 81' lang='lat' dir='ltr'><strong>Augusti</strong></span> <span class='ocrx_word' id='word_1_53' title='bbox 494 1058 619 1142; x_wconf 90' lang='lat' dir='ltr'><strong>palatia</strong></span> <span class='ocrx_word' id='word_1_54' title='bbox 641 1059 749 1123; x_wconf 86' lang='lat' dir='ltr'><strong>iussus</strong></span> <span class='ocrx_word' id='word_1_55' title='bbox 774 1058 862 1122; x_wconf 88' lang='lat' dir='ltr'><strong>adire</strong></span> <span class='ocrx_word' id='word_1_56' title='bbox 1124 1075 1157 1124; x_wconf 78' lang='grc'><strong>25</strong></span> <span class='ocrx_word' id='word_1_57' title='bbox 1246 1132 1247 1135; x_wconf 10' lang='lat'>¹</span> 
     </span>
     <span class='ocr_line' id='line_1_11' title="bbox 186 1146 927 1234; baseline -0.004 -20"><span class='ocrx_word' id='word_1_58' title='bbox 186 1149 371 1233; x_wconf 83' lang='lat' dir='ltr'><strong>Augustam</strong></span> <span class='ocrx_word' id='word_1_59' title='bbox 394 1147 542 1212; x_wconf 89' lang='lat' dir='ltr'><strong>subolem</strong></span> <span class='ocrx_word' id='word_1_60' title='bbox 565 1148 798 1234; x_wconf 84' lang='lat' dir='ltr'><strong>grammaticus</strong></span> <span class='ocrx_word' id='word_1_61' title='bbox 822 1146 927 1234; x_wconf 88' lang='lat' dir='ltr'><strong>docui,</strong></span> 
     </span>
     <span class='ocr_line' id='line_1_12' title="bbox 141 1236 956 1303; baseline -0.004 -1"><span class='ocrx_word' id='word_1_62' title='bbox 141 1237 219 1303; x_wconf 82' lang='lat' dir='ltr'><strong>Mox</strong></span> <span class='ocrx_word' id='word_1_63' title='bbox 243 1239 342 1302; x_wconf 90' lang='lat' dir='ltr'><strong>etiam</strong></span> <span class='ocrx_word' id='word_1_64' title='bbox 364 1237 485 1302; x_wconf 86' lang='lat' dir='ltr'><strong>rhetor.</strong></span> <span class='ocrx_word' id='word_1_65' title='bbox 529 1258 590 1301; x_wconf 88' lang='lat' dir='ltr'><strong>neo</strong></span> <span class='ocrx_word' id='word_1_66' title='bbox 613 1237 699 1301; x_wconf 90' lang='lat' dir='ltr'><strong>euim</strong></span> <span class='ocrx_word' id='word_1_67' title='bbox 722 1236 839 1300; x_wconf 88' lang='lat' dir='ltr'><strong>fiducia</strong></span> <span class='ocrx_word' id='word_1_68' title='bbox 862 1237 956 1301; x_wconf 90' lang='lat' dir='ltr'><strong>nobis</strong></span> 
     </span>
     <span class='ocr_line' id='line_1_13' title="bbox 186 1324 839 1410; baseline -0.002 -20"><span class='ocrx_word' id='word_1_69' title='bbox 186 1324 282 1390; x_wconf 88' lang='lat' dir='ltr'><strong>Vana</strong></span> <span class='ocrx_word' id='word_1_70' title='bbox 305 1329 450 1391; x_wconf 87' lang='lat' dir='ltr'><strong>autnon</strong></span> <span class='ocrx_word' id='word_1_71' title='bbox 473 1326 569 1391; x_wconf 90' lang='lat' dir='ltr'><strong>solidi</strong></span> <span class='ocrx_word' id='word_1_72' title='bbox 592 1325 698 1410; x_wconf 87' lang='lat' dir='ltr'><strong>gloria</strong></span> <span class='ocrx_word' id='word_1_73' title='bbox 720 1324 839 1390; x_wconf 89' lang='lat' dir='ltr'><strong>iudicii.</strong></span> 
     </span>
     <span class='ocr_line' id='line_1_14' title="bbox 143 1414 956 1499; baseline -0.004 -18"><span class='ocrx_word' id='word_1_74' title='bbox 143 1414 231 1481; x_wconf 77' lang='lat' dir='ltr'><strong>Cedo</strong></span> <span class='ocrx_word' id='word_1_75' title='bbox 254 1420 365 1481; x_wconf 90' lang='lat' dir='ltr'><strong>tamen</strong></span> <span class='ocrx_word' id='word_1_76' title='bbox 386 1415 510 1480; x_wconf 86' lang='lat' dir='ltr'><strong>fuerint</strong></span> <span class='ocrx_word' id='word_1_77' title='bbox 531 1415 620 1479; x_wconf 81' lang='lat' dir='ltr'><strong>fama</strong></span> <span class='ocrx_word' id='word_1_78' title='bbox 641 1415 768 1498; x_wconf 87' lang='lat' dir='ltr'><strong>potiore</strong></span> <span class='ocrx_word' id='word_1_79' title='bbox 791 1415 956 1499; x_wconf 82' lang='lat' dir='ltr'><strong>magistri,</strong></span> 
     </span>
     <span class='ocr_line' id='line_1_15' title="bbox 188 1503 1160 1587; baseline -0.001 -18"><span class='ocrx_word' id='word_1_80' title='bbox 188 1503 275 1569; x_wconf 90' lang='lat' dir='ltr'><strong>Dum</strong></span> <span class='ocrx_word' id='word_1_81' title='bbox 297 1505 379 1569; x_wconf 91' lang='lat' dir='ltr'><strong>nulli</strong></span> <span class='ocrx_word' id='word_1_82' title='bbox 401 1505 501 1570; x_wconf 83' lang='lat' dir='ltr'><strong>fuerit</strong></span> <span class='ocrx_word' id='word_1_83' title='bbox 523 1503 700 1587; x_wconf 89' lang='lat' dir='ltr'><strong>discipulus</strong></span> <span class='ocrx_word' id='word_1_84' title='bbox 723 1503 846 1567; x_wconf 89' lang='lat' dir='ltr'><strong>melior.</strong></span> <span class='ocrx_word' id='word_1_85' title='bbox 1125 1520 1160 1568; x_wconf 85' lang='lat'><strong>30</strong></span> 
     </span>
     <span class='ocr_line' id='line_1_16' title="bbox 143 1588 871 1677; baseline -0.003 -20"><span class='ocrx_word' id='word_1_86' title='bbox 143 1593 273 1658; x_wconf 85' lang='lat' dir='ltr'><strong>Alcides</strong></span> <span class='ocrx_word' id='word_1_87' title='bbox 296 1594 442 1658; x_wconf 83' lang='lat' dir='ltr'><strong>Atlantis</strong></span> <span class='ocrx_word' id='word_1_88' title='bbox 466 1597 499 1657; x_wconf 86' lang='lat' dir='ltr'><strong>et</strong></span> <span class='ocrx_word' id='word_1_89' title='bbox 521 1591 679 1657; x_wconf 83' lang='lat' dir='ltr'><strong>Aeacides</strong></span> <span class='ocrx_word' id='word_1_90' title='bbox 704 1588 871 1677; x_wconf 76' lang='lat' dir='ltr'><strong>Chironis,</strong></span> 
     </span>
     <span class='ocr_line' id='line_1_17' title="bbox 189 1679 925 1765; baseline -0.001 -20"><span class='ocrx_word' id='word_1_91' title='bbox 189 1681 295 1746; x_wconf 87' lang='lat' dir='ltr'><strong>Paene</strong></span> <span class='ocrx_word' id='word_1_92' title='bbox 317 1682 395 1747; x_wconf 89' lang='lat' dir='ltr'><strong>Iove</strong></span> <span class='ocrx_word' id='word_1_93' title='bbox 417 1683 480 1746; x_wconf 85' lang='lat' dir='ltr'><strong>iste</strong></span> <span class='ocrx_word' id='word_1_94' title='bbox 504 1686 610 1765; x_wconf 88' lang='lat' dir='ltr'><strong>satus,</strong></span> <span class='ocrx_word' id='word_1_95' title='bbox 632 1681 721 1745; x_wconf 86' lang='lat' dir='ltr'><strong>filius</strong></span> <span class='ocrx_word' id='word_1_96' title='bbox 744 1681 801 1744; x_wconf 92' lang='lat' dir='ltr'><strong>ille</strong></span> <span class='ocrx_word' id='word_1_97' title='bbox 823 1679 925 1765; x_wconf 88' lang='lat' dir='ltr'><strong>Iouis,</strong></span> 
     </span>
     <span class='ocr_line' id='line_1_18' title="bbox 145 1770 999 1855; baseline -0.001 -21"><span class='ocrx_word' id='word_1_98' title='bbox 145 1770 348 1836; x_wconf 84' lang='lat' dir='ltr'><strong>Thessaliam</strong></span> <span class='ocrx_word' id='word_1_99' title='bbox 371 1770 564 1855; x_wconf 81' lang='lat' dir='ltr'><strong>Thebasque</strong></span> <span class='ocrx_word' id='word_1_100' title='bbox 588 1792 665 1835; x_wconf 92' lang='lat' dir='ltr'><strong>suos</strong></span> <span class='ocrx_word' id='word_1_101' title='bbox 687 1770 829 1834; x_wconf 87' lang='lat' dir='ltr'><strong>habuere</strong></span> <span class='ocrx_word' id='word_1_102' title='bbox 852 1773 999 1854; x_wconf 84' lang='lat' dir='ltr'><strong>penates:</strong></span> 
     </span>
     <span class='ocr_line' id='line_1_19' title="bbox 190 1859 910 1944; baseline 0 -20"><span class='ocrx_word' id='word_1_103' title='bbox 190 1861 236 1924; x_wconf 85' lang='lat' dir='ltr'><strong>At</strong></span> <span class='ocrx_word' id='word_1_104' title='bbox 259 1879 349 1924; x_wconf 88' lang='lat' dir='ltr'><strong>meus</strong></span> <span class='ocrx_word' id='word_1_105' title='bbox 371 1859 425 1923; x_wconf 87' lang='lat' dir='ltr'><strong>hie</strong></span> <span class='ocrx_word' id='word_1_106' title='bbox 447 1863 520 1924; x_wconf 88' lang='lat' dir='ltr'><strong>toto</strong></span> <span class='ocrx_word' id='word_1_107' title='bbox 543 1863 661 1944; x_wconf 83' lang='lat' dir='ltr'><strong>regnat</strong></span> <span class='ocrx_word' id='word_1_108' title='bbox 682 1859 716 1922; x_wconf 90' lang='lat' dir='ltr'><strong>in</strong></span> <span class='ocrx_word' id='word_1_109' title='bbox 740 1859 817 1924; x_wconf 92' lang='lat' dir='ltr'><strong>orbe</strong></span> <span class='ocrx_word' id='word_1_110' title='bbox 842 1880 910 1924; x_wconf 85' lang='lat' dir='ltr'><strong>suo.</strong></span> 
     </span>
    </p>
   </div>
   <div class='ocr_carea' id='block_1_3' title="bbox 145 1947 1248 2478">
    <p class='ocr_par' dir='ltr' id='par_1_3' title="bbox 145 1947 1248 2120">
     <span class='ocr_line' id='line_1_20' title="bbox 145 1947 1248 2034; baseline -0.001 -22"><span class='ocrx_word' id='word_1_111' title='bbox 145 1947 244 2013; x_wconf 83' lang='lat' dir='ltr'><strong>Cuius</strong></span> <span class='ocrx_word' id='word_1_112' title='bbox 269 1968 329 2034; x_wconf 79' lang='lat' dir='ltr'><strong>ego</strong></span> <span class='ocrx_word' id='word_1_113' title='bbox 353 1948 519 2013; x_wconf 62' lang='lat' dir='ltr'><strong>comea&#39;et</strong></span> <span class='ocrx_word' id='word_1_114' title='bbox 537 1952 689 2033; x_wconf 87' lang='lat' dir='ltr'><strong>quaestor</strong></span> <span class='ocrx_word' id='word_1_115' title='bbox 708 1951 753 2026; x_wconf 89' lang='lat' dir='ltr'><strong>et,</strong></span> <span class='ocrx_word' id='word_1_116' title='bbox 777 1948 906 2012; x_wconf 91' lang='lat' dir='ltr'><strong>culmen</strong></span> <span class='ocrx_word' id='word_1_117' title='bbox 927 1948 1104 2026; x_wconf 89' lang='lat' dir='ltr'><strong>honorum,</strong></span> <span class='ocrx_word' id='word_1_118' title='bbox 1126 1963 1160 2011; x_wconf 82' lang='lat'><strong>35</strong></span> <span class='ocrx_word' id='word_1_119' title='bbox 1247 2015 1248 2024; x_wconf 10' lang='grc' dir='ltr'>χ</span> 
     </span>
     <span class='ocr_line' id='line_1_21' title="bbox 189 2031 1248 2120; baseline -0.001 -19"><span class='ocrx_word' id='word_1_120' title='bbox 189 2036 375 2103; x_wconf 83' lang='lat' dir='ltr'><strong>Praefectus</strong></span> <span class='ocrx_word' id='word_1_121' title='bbox 400 2035 502 2102; x_wconf 84' lang='lat' dir='ltr'><strong>Gallis</strong></span> <span class='ocrx_word' id='word_1_122' title='bbox 527 2043 560 2102; x_wconf 87' lang='lat' dir='ltr'><strong>et</strong></span> <span class='ocrx_word' id='word_1_123' title='bbox 582 2036 705 2120; x_wconf 85' lang='lat' dir='ltr'><strong>Libyae</strong></span> <span class='ocrx_word' id='word_1_124' title='bbox 729 2042 762 2102; x_wconf 92' lang='lat' dir='ltr'><strong>et</strong></span> <span class='ocrx_word' id='word_1_125' title='bbox 784 2035 878 2101; x_wconf 87' lang='lat' dir='ltr'><strong>Latio</strong></span> <span class='ocrx_word' id='word_1_126' title='bbox 1247 2031 1248 2046; x_wconf 53' lang='lat'>¹</span> 
     </span>
    </p>

    <p class='ocr_par' dir='ltr' id='par_1_4' title="bbox 145 2124 1012 2299">
     <span class='ocr_line' id='line_1_22' title="bbox 145 2124 1012 2210; baseline -0.002 -20"><span class='ocrx_word' id='word_1_127' title='bbox 145 2125 202 2210; x_wconf 82' lang='lat' dir='ltr'><strong>Et,</strong></span> <span class='ocrx_word' id='word_1_128' title='bbox 225 2127 317 2210; x_wconf 92' lang='lat' dir='ltr'><strong>prior</strong></span> <span class='ocrx_word' id='word_1_129' title='bbox 338 2126 488 2210; x_wconf 91' lang='lat' dir='ltr'><strong>indeptus</strong></span> <span class='ocrx_word' id='word_1_130' title='bbox 510 2126 615 2191; x_wconf 86' lang='lat' dir='ltr'><strong>fasces</strong></span> <span class='ocrx_word' id='word_1_131' title='bbox 638 2124 831 2210; x_wconf 86' lang='lat' dir='ltr'><strong>Latiamque</strong></span> <span class='ocrx_word' id='word_1_132' title='bbox 854 2125 1012 2208; x_wconf 90' lang='lat' dir='ltr'><strong>curulem,</strong></span> 
     </span>
     <span class='ocr_line' id='line_1_23' title="bbox 191 2213 805 2299; baseline -0.005 -18"><span class='ocrx_word' id='word_1_133' title='bbox 191 2213 328 2299; x_wconf 84' lang='lat' dir='ltr'><strong>Consul,</strong></span> <span class='ocrx_word' id='word_1_134' title='bbox 351 2216 478 2299; x_wconf 82' lang='lat' dir='ltr'><strong>collega</strong></span> <span class='ocrx_word' id='word_1_135' title='bbox 501 2216 692 2299; x_wconf 86' lang='lat' dir='ltr'><strong>posteriore,</strong></span> <span class='ocrx_word' id='word_1_136' title='bbox 715 2215 771 2279; x_wconf 86' lang='lat' dir='ltr'><strong>fui.</strong></span> <span class='ocrx_word' id='word_1_137' title='bbox 802 2236 805 2241; x_wconf 77' lang='grc'><strong>’</strong></span> 
     </span>
    </p>

    <p class='ocr_par' dir='ltr' id='par_1_5' title="bbox 145 2302 1161 2478">
     <span class='ocr_line' id='line_1_24' title="bbox 145 2302 1085 2388; baseline 0 -20"><span class='ocrx_word' id='word_1_138' title='bbox 145 2303 208 2369; x_wconf 91' lang='lat' dir='ltr'><strong>Hic</strong></span> <span class='ocrx_word' id='word_1_139' title='bbox 232 2323 310 2388; x_wconf 79' lang='lat' dir='ltr'><strong>ergo</strong></span> <span class='ocrx_word' id='word_1_140' title='bbox 335 2304 513 2370; x_wconf 86' lang='lat' dir='ltr'><strong>Ausonius:</strong></span> <span class='ocrx_word' id='word_1_141' title='bbox 538 2305 595 2369; x_wconf 88' lang='lat' dir='ltr'><strong>sed</strong></span> <span class='ocrx_word' id='word_1_142' title='bbox 617 2308 654 2368; x_wconf 91' lang='lat' dir='ltr'><strong>tn</strong></span> <span class='ocrx_word' id='word_1_143' title='bbox 677 2325 717 2368; x_wconf 90' lang='lat' dir='ltr'><strong>ne</strong></span> <span class='ocrx_word' id='word_1_144' title='bbox 740 2308 864 2386; x_wconf 83' lang='lat' dir='ltr'><strong>temne,</strong></span> <span class='ocrx_word' id='word_1_145' title='bbox 887 2302 974 2388; x_wconf 90' lang='lat' dir='ltr'><strong>quod</strong></span> <span class='ocrx_word' id='word_1_146' title='bbox 997 2303 1085 2368; x_wconf 86' lang='lat' dir='ltr'><strong>ultro</strong></span> 
     </span>
     <span class='ocr_line' id='line_1_25' title="bbox 191 2393 1161 2478; baseline -0.003 -20"><span class='ocrx_word' id='word_1_147' title='bbox 191 2394 370 2458; x_wconf 85' lang='lat' dir='ltr'><strong>Patronum</strong></span> <span class='ocrx_word' id='word_1_148' title='bbox 394 2393 514 2459; x_wconf 87' lang='lat' dir='ltr'><strong>nostris</strong></span> <span class='ocrx_word' id='word_1_149' title='bbox 536 2399 571 2458; x_wconf 83' lang='lat' dir='ltr'><strong>te</strong></span> <span class='ocrx_word' id='word_1_150' title='bbox 593 2415 673 2478; x_wconf 89' lang='lat' dir='ltr'><strong>paro</strong></span> <span class='ocrx_word' id='word_1_151' title='bbox 697 2393 904 2457; x_wconf 90' lang='lat' dir='ltr'><strong>carminibus.</strong></span> <span class='ocrx_word' id='word_1_152' title='bbox 1128 2407 1161 2456; x_wconf 79' lang='lat'><strong>40</strong></span> 
     </span>
    </p>
   </div>
   <div class='ocr_carea' id='block_1_4' title="bbox 145 2564 1164 2708">
    <p class='ocr_par' dir='ltr' id='par_1_6' title="bbox 145 2564 1164 2708">
     <span class='ocr_line' id='line_1_26' title="bbox 219 2564 1163 2640; baseline -0.004 -19"><span class='ocrx_word' id='word_1_153' title='bbox 219 2573 252 2622; x_wconf 75' lang='grc'><strong>17</strong></span> <span class='ocrx_word' id='word_1_154' title='bbox 276 2567 343 2622; x_wconf 89' lang='lat' dir='ltr'><strong>mici</strong></span> <span class='ocrx_word' id='word_1_155' title='bbox 366 2568 392 2622; x_wconf 99' lang='lat' dir='ltr'><strong><em>V</em></strong></span> <span class='ocrx_word' id='word_1_156' title='bbox 463 2573 495 2622; x_wconf 90' lang='lat'><strong>18</strong></span> <span class='ocrx_word' id='word_1_157' title='bbox 519 2569 633 2640; x_wconf 87' lang='lat' dir='ltr'><strong>nomen]</strong></span> <span class='ocrx_word' id='word_1_158' title='bbox 658 2585 674 2623; x_wconf 94' lang='lat' dir='ltr'><strong>o</strong></span> <span class='ocrx_word' id='word_1_159' title='bbox 698 2569 880 2634; x_wconf 73' lang='lat' dir='ltr'><strong>deformatam</strong></span> <span class='ocrx_word' id='word_1_160' title='bbox 903 2567 1004 2621; x_wconf 80' lang='lat' dir='ltr'><strong>lineola</strong></span> <span class='ocrx_word' id='word_1_161' title='bbox 1027 2564 1163 2622; x_wconf 74' lang='lat' dir='ltr'><strong>litterari</strong></span> 
     </span>
     <span class='ocr_line' id='line_1_27' title="bbox 145 2637 1164 2708; baseline -0.001 -16"><span class='ocrx_word' id='word_1_162' title='bbox 145 2640 245 2706; x_wconf 76' lang='lat' dir='ltr'><strong>siinila&#39;,</strong></span> <span class='ocrx_word' id='word_1_163' title='bbox 263 2657 345 2708; x_wconf 82' lang='lat' dir='ltr'><strong>quam</strong></span> <span class='ocrx_word' id='word_1_164' title='bbox 364 2641 400 2695; x_wconf 81' lang='lat' dir='ltr'><strong>ol.</strong></span> <span class='ocrx_word' id='word_1_165' title='bbox 420 2657 454 2695; x_wconf 86' lang='lat' dir='ltr'><strong>m.</strong></span> <span class='ocrx_word' id='word_1_166' title='bbox 474 2659 492 2694; x_wconf 87' lang='lat' dir='ltr'><strong>o</strong></span> <span class='ocrx_word' id='word_1_167' title='bbox 510 2642 609 2695; x_wconf 72' lang='lat' dir='ltr'><strong>dextro</strong></span> <span class='ocrx_word' id='word_1_168' title='bbox 627 2641 737 2695; x_wconf 74' lang='lat' dir='ltr'><strong>addidit</strong></span> <span class='ocrx_word' id='word_1_169' title='bbox 761 2638 788 2693; x_wconf 89' lang='lat' dir='ltr'><strong><em>V</em></strong></span> <span class='ocrx_word' id='word_1_170' title='bbox 845 2645 880 2694; x_wconf 82' lang='lat'><strong>20</strong></span> <span class='ocrx_word' id='word_1_171' title='bbox 899 2637 1081 2707; x_wconf 83' lang='lat' dir='ltr'><strong>Berytiumue</strong></span> <span class='ocrx_word' id='word_1_172' title='bbox 1103 2639 1164 2692; x_wconf 82' lang='lat' dir='ltr'><strong>Toll</strong></span> 
     </span>
    </p>
   </div>
   <div class='ocr_carea' id='block_1_5' title="bbox 146 2705 1246 2780">
    <p class='ocr_par' dir='ltr' id='par_1_7' title="bbox 146 2705 1246 2780">
     <span class='ocr_line' id='line_1_28' title="bbox 146 2705 1246 2780; baseline -0.003 -16"><span class='ocrx_word' id='word_1_173' title='bbox 146 2709 262 2778; x_wconf 80' lang='lat' dir='ltr'><strong>beritiq⁸</strong></span> <span class='ocrx_word' id='word_1_174' title='bbox 281 2711 308 2765; x_wconf 89' lang='lat' dir='ltr'><em>V</em></span> <span class='ocrx_word' id='word_1_175' title='bbox 360 2717 392 2766; x_wconf 83' lang='lat'><strong>21</strong></span> <span class='ocrx_word' id='word_1_176' title='bbox 414 2711 580 2780; x_wconf 76' lang='lat' dir='ltr'><strong>aquitanaq⁸</strong></span> <span class='ocrx_word' id='word_1_177' title='bbox 598 2710 625 2765; x_wconf 88' lang='lat' dir='ltr'><strong><em>V</em></strong></span> <span class='ocrx_word' id='word_1_178' title='bbox 641 2727 710 2767; x_wconf 82' lang='lat' dir='ltr'><strong>corr.</strong></span> <span class='ocrx_word' id='word_1_179' title='bbox 730 2711 769 2765; x_wconf 82' lang='lat' dir='ltr'><strong>ed.</strong></span> <span class='ocrx_word' id='word_1_180' title='bbox 789 2715 868 2764; x_wconf 80' lang='lat' dir='ltr'><strong>oetas</strong></span> <span class='ocrx_word' id='word_1_181' title='bbox 886 2711 992 2764; x_wconf 76' lang='lat' dir='ltr'><strong>incerto</strong></span> <span class='ocrx_word' id='word_1_182' title='bbox 1010 2709 1057 2778; x_wconf 75' lang='lat' dir='ltr'><strong>(cs.</strong></span> <span class='ocrx_word' id='word_1_183' title='bbox 1069 2705 1161 2780; x_wconf 70' lang='lat' dir='ltr'><strong>Tolhl</strong></span> <span class='ocrx_word' id='word_1_184' title='bbox 1245 2749 1246 2756; x_wconf 65' lang='lat'><strong>.</strong></span> 
     </span>
    </p>
   </div>
   <div class='ocr_carea' id='block_1_6' title="bbox 146 2780 1167 2998">
    <p class='ocr_par' dir='ltr' id='par_1_8' title="bbox 146 2780 1167 2998">
     <span class='ocr_line' id='line_1_29' title="bbox 146 2780 1163 2856; baseline -0.001 -20"><span class='ocrx_word' id='word_1_185' title='bbox 146 2780 244 2836; x_wconf 87' lang='lat' dir='ltr'><strong>multis</strong></span> <span class='ocrx_word' id='word_1_186' title='bbox 254 2781 338 2836; x_wconf 80' lang='lat' dir='ltr'><strong>Sabis.</strong></span> <span class='ocrx_word' id='word_1_187' title='bbox 394 2787 428 2836; x_wconf 92' lang='grc'><strong>22</strong></span> <span class='ocrx_word' id='word_1_188' title='bbox 443 2786 486 2838; x_wconf 83' lang='lat' dir='ltr'><strong>set</strong></span> <span class='ocrx_word' id='word_1_189' title='bbox 500 2799 556 2836; x_wconf 93' lang='lat' dir='ltr'><strong>uon</strong></span> <span class='ocrx_word' id='word_1_190' title='bbox 569 2782 683 2838; x_wconf 76' lang='lat' dir='ltr'><strong>Vinctus</strong></span> <span class='ocrx_word' id='word_1_191' title='bbox 698 2783 727 2837; x_wconf 85' lang='lat' dir='ltr'><strong>et</strong></span> <span class='ocrx_word' id='word_1_192' title='bbox 739 2797 796 2856; x_wconf 85' lang='lat' dir='ltr'><strong>non</strong></span> <span class='ocrx_word' id='word_1_193' title='bbox 811 2783 840 2850; x_wconf 91' lang='lat'><strong>(†</strong></span> <span class='ocrx_word' id='word_1_194' title='bbox 850 2797 902 2835; x_wconf 81' lang='lat' dir='ltr'><strong>rec.</strong></span> <span class='ocrx_word' id='word_1_195' title='bbox 917 2781 1032 2835; x_wconf 78' lang='lat' dir='ltr'><strong>uoculae</strong></span> <span class='ocrx_word' id='word_1_196' title='bbox 1046 2797 1101 2835; x_wconf 91' lang='lat' dir='ltr'><strong>nou</strong></span> <span class='ocrx_word' id='word_1_197' title='bbox 1117 2781 1163 2848; x_wconf 85' lang='lat' dir='ltr'><strong>ss.)</strong></span> 
     </span>
     <span class='ocr_line' id='line_1_30' title="bbox 154 2850 1167 2925; baseline 0 -20"><span class='ocrx_word' id='word_1_198' title='bbox 154 2853 180 2905; x_wconf 96' lang='lat' dir='ltr'><strong><em>V</em></strong></span> <span class='ocrx_word' id='word_1_199' title='bbox 195 2869 252 2906; x_wconf 92' lang='lat' dir='ltr'><strong>non</strong></span> <span class='ocrx_word' id='word_1_200' title='bbox 267 2854 296 2907; x_wconf 84' lang='lat' dir='ltr'><strong>et</strong></span> <span class='ocrx_word' id='word_1_201' title='bbox 309 2852 432 2922; x_wconf 77' lang='lat' dir='ltr'><strong>Scoliper</strong></span> <span class='ocrx_word' id='word_1_202' title='bbox 448 2857 452 2923; x_wconf 87' lang='grc'>1</span> <span class='ocrx_word' id='word_1_203' title='bbox 473 2853 628 2922; x_wconf 85' lang='lat' dir='ltr'><strong>aspicerem</strong></span> <span class='ocrx_word' id='word_1_204' title='bbox 646 2854 669 2908; x_wconf 98' lang='lat' dir='ltr'><strong><em>V</em></strong></span> <span class='ocrx_word' id='word_1_205' title='bbox 723 2859 758 2907; x_wconf 75' lang='lat'><strong>24</strong></span> <span class='ocrx_word' id='word_1_206' title='bbox 773 2850 908 2925; x_wconf 64' lang='lat' dir='ltr'><strong>[fadaerui</strong></span> <span class='ocrx_word' id='word_1_207' title='bbox 921 2852 1030 2906; x_wconf 72' lang='lat' dir='ltr'><strong>initiali</strong></span> <span class='ocrx_word' id='word_1_208' title='bbox 1043 2867 1125 2906; x_wconf 83' lang='lat' dir='ltr'><strong>erosa</strong></span> <span class='ocrx_word' id='word_1_209' title='bbox 1141 2851 1167 2905; x_wconf 90' lang='lat' dir='ltr'><strong><em>V</em></strong></span> 
     </span>
     <span class='ocr_line' id='line_1_31' title="bbox 149 2921 1095 2998; baseline -0.004 -20"><span class='ocrx_word' id='word_1_210' title='bbox 149 2923 260 2978; x_wconf 85' lang='lat' dir='ltr'><strong>deserui</strong></span> <span class='ocrx_word' id='word_1_211' title='bbox 277 2923 405 2979; x_wconf 78' lang='lat' dir='ltr'><strong>Brundes</strong></span> <span class='ocrx_word' id='word_1_212' title='bbox 477 2930 512 2978; x_wconf 90' lang='grc'><strong>26</strong></span> <span class='ocrx_word' id='word_1_213' title='bbox 536 2925 738 2998; x_wconf 65' lang='lat' dir='ltr'><strong>Augusssjsftam</strong></span> <span class='ocrx_word' id='word_1_214' title='bbox 764 2928 854 2994; x_wconf 82' lang='grc'><strong>(3-4</strong></span> <span class='ocrx_word' id='word_1_215' title='bbox 873 2925 925 2978; x_wconf 79' lang='lat' dir='ltr'><strong>litt.</strong></span> <span class='ocrx_word' id='word_1_216' title='bbox 945 2924 1041 2991; x_wconf 81' lang='lat' dir='ltr'><strong>erasis)</strong></span> <span class='ocrx_word' id='word_1_217' title='bbox 1068 2921 1095 2974; x_wconf 92' lang='lat' dir='ltr'><strong><em>V</em></strong></span> 
     </span>
    </p>
   </div>
   <div class='ocr_carea' id='block_1_7' title="bbox 147 3006 1167 3390">
    <p class='ocr_par' dir='ltr' id='par_1_9' title="bbox 147 3006 1167 3390">
     <span class='ocr_line' id='line_1_32' title="bbox 1077 3006 1105 3036; baseline 0.071 -2"><span class='ocrx_word' id='word_1_218' title='bbox 1077 3006 1105 3036; x_wconf 70' lang='lat'><strong>00</strong></span> 
     </span>
     <span class='ocr_line' id='line_1_33' title="bbox 148 3047 1167 3120; baseline -0.001 -17"><span class='ocrx_word' id='word_1_219' title='bbox 148 3055 181 3103; x_wconf 79' lang='lat'><strong>27</strong></span> <span class='ocrx_word' id='word_1_220' title='bbox 200 3049 276 3102; x_wconf 78' lang='lat' dir='ltr'><strong>rebor</strong></span> <span class='ocrx_word' id='word_1_221' title='bbox 300 3048 327 3101; x_wconf 88' lang='lat' dir='ltr'><strong><em>V</em></strong></span> <span class='ocrx_word' id='word_1_222' title='bbox 398 3053 432 3104; x_wconf 88' lang='grc'><strong>28</strong></span> <span class='ocrx_word' id='word_1_223' title='bbox 451 3048 544 3120; x_wconf 89' lang='lat' dir='ltr'><strong>Vana]</strong></span> <span class='ocrx_word' id='word_1_224' title='bbox 565 3049 627 3104; x_wconf 90' lang='lat' dir='ltr'><strong>Vna</strong></span> <span class='ocrx_word' id='word_1_225' title='bbox 651 3049 678 3103; x_wconf 92' lang='lat' dir='ltr'><strong><em>V</em></strong></span> <span class='ocrx_word' id='word_1_226' title='bbox 694 3066 761 3104; x_wconf 82' lang='lat' dir='ltr'><strong>corr.</strong></span> <span class='ocrx_word' id='word_1_227' title='bbox 782 3049 912 3118; x_wconf 71' lang='lat' dir='ltr'><strong>lapdon.</strong></span> <span class='ocrx_word' id='word_1_228' title='bbox 986 3053 1019 3100; x_wconf 89' lang='lat'><strong>31</strong></span> <span class='ocrx_word' id='word_1_229' title='bbox 1040 3047 1167 3102; x_wconf 88' lang='lat' dir='ltr'><strong>chironis</strong></span> 
     </span>
     <span class='ocr_line' id='line_1_34' title="bbox 150 3119 1133 3190; baseline -0.001 -15"><span class='ocrx_word' id='word_1_230' title='bbox 150 3122 192 3189; x_wconf 90' lang='lat' dir='ltr'><strong>(ce</strong></span> <span class='ocrx_word' id='word_1_231' title='bbox 213 3121 249 3176; x_wconf 85' lang='lat' dir='ltr'><strong>ol.</strong></span> <span class='ocrx_word' id='word_1_232' title='bbox 268 3120 314 3190; x_wconf 83' lang='lat' dir='ltr'><strong>se.)</strong></span> <span class='ocrx_word' id='word_1_233' title='bbox 340 3119 366 3174; x_wconf 98' lang='lat' dir='ltr'><strong><em>V</em></strong></span> <span class='ocrx_word' id='word_1_234' title='bbox 436 3124 469 3173; x_wconf 80' lang='grc'><strong>32</strong></span> <span class='ocrx_word' id='word_1_235' title='bbox 489 3120 625 3189; x_wconf 90' lang='lat' dir='ltr'><strong>peneiobe</strong></span> <span class='ocrx_word' id='word_1_236' title='bbox 648 3120 691 3190; x_wconf 79' lang='lat' dir='ltr'><strong>Vl</strong></span> <span class='ocrx_word' id='word_1_237' title='bbox 708 3121 780 3174; x_wconf 77' lang='lat' dir='ltr'><strong>satis</strong></span> <span class='ocrx_word' id='word_1_238' title='bbox 799 3119 820 3188; x_wconf 92' lang='lat' dir='ltr'><strong>(i</strong></span> <span class='ocrx_word' id='word_1_239' title='bbox 838 3136 922 3188; x_wconf 81' lang='lat' dir='ltr'><strong>eras,</strong></span> <span class='ocrx_word' id='word_1_240' title='bbox 942 3136 959 3172; x_wconf 89' lang='lat' dir='ltr'><strong>a</strong></span> <span class='ocrx_word' id='word_1_241' title='bbox 977 3119 1013 3173; x_wconf 78' lang='lat' dir='ltr'><strong>ai.</strong></span> <span class='ocrx_word' id='word_1_242' title='bbox 1032 3119 1079 3186; x_wconf 89' lang='lat' dir='ltr'><strong>ss.)</strong></span> <span class='ocrx_word' id='word_1_243' title='bbox 1107 3119 1133 3174; x_wconf 98' lang='lat' dir='ltr'><strong><em>V</em></strong></span> 
     </span>
     <span class='ocr_line' id='line_1_35' title="bbox 150 3185 1167 3262; baseline 0.002 -16"><span class='ocrx_word' id='word_1_244' title='bbox 150 3199 182 3246; x_wconf 90' lang='lat'><strong>33</strong></span> <span class='ocrx_word' id='word_1_245' title='bbox 203 3191 369 3262; x_wconf 79' lang='lat' dir='ltr'><strong>thebassqne</strong></span> <span class='ocrx_word' id='word_1_246' title='bbox 393 3190 437 3260; x_wconf 76' lang='lat' dir='ltr'><strong>Vl</strong></span> <span class='ocrx_word' id='word_1_247' title='bbox 453 3192 555 3246; x_wconf 87' lang='lat' dir='ltr'><strong>abuere</strong></span> <span class='ocrx_word' id='word_1_248' title='bbox 580 3192 606 3244; x_wconf 96' lang='lat' dir='ltr'><strong><em>V</em></strong></span> <span class='ocrx_word' id='word_1_249' title='bbox 665 3198 699 3246; x_wconf 80' lang='lat'><strong>35</strong></span> <span class='ocrx_word' id='word_1_250' title='bbox 719 3209 771 3261; x_wconf 84' lang='lat' dir='ltr'><strong>ego</strong></span> <span class='ocrx_word' id='word_1_251' title='bbox 791 3193 821 3246; x_wconf 85' lang='lat' dir='ltr'><strong>et</strong></span> <span class='ocrx_word' id='word_1_252' title='bbox 837 3185 971 3245; x_wconf 68' lang='lat' dir='ltr'><strong>Halmius</strong></span> <span class='ocrx_word' id='word_1_253' title='bbox 1030 3196 1065 3244; x_wconf 83' lang='lat'><strong>36</strong></span> <span class='ocrx_word' id='word_1_254' title='bbox 1105 3209 1167 3248; x_wconf 86' lang='lat' dir='ltr'><strong>rae·</strong></span> 
     </span>
     <span class='ocr_line' id='line_1_36' title="bbox 147 3260 1167 3388; baseline 0.003 -73"><span class='ocrx_word' id='word_1_255' title='bbox 147 3262 362 3388; x_wconf 61' lang='lat' dir='ltr'><strong>fe⁰ffi⁸HV.⁰⁰.&#39;r·</strong></span> <span class='ocrx_word' id='word_1_256' title='bbox 381 3262 510 3332; x_wconf 72' lang='lat' dir='ltr'><strong>lapdon.</strong></span> <span class='ocrx_word' id='word_1_257' title='bbox 529 3263 533 3330; x_wconf 92' lang='grc' dir='ltr'>Ι</span> <span class='ocrx_word' id='word_1_258' title='bbox 549 3260 643 3332; x_wconf 83' lang='lat' dir='ltr'><strong>lybiae</strong></span> <span class='ocrx_word' id='word_1_259' title='bbox 668 3262 695 3316; x_wconf 95' lang='lat' dir='ltr'><strong><em>V</em></strong></span> <span class='ocrx_word' id='word_1_260' title='bbox 749 3269 783 3318; x_wconf 80' lang='lat'><strong>39</strong></span> <span class='ocrx_word' id='word_1_261' title='bbox 803 3279 869 3332; x_wconf 82' lang='lat' dir='ltr'><strong>ergo</strong></span> <span class='ocrx_word' id='word_1_262' title='bbox 888 3261 972 3318; x_wconf 79' lang='lat' dir='ltr'><strong>Sedis</strong></span> <span class='ocrx_word' id='word_1_263' title='bbox 992 3277 1045 3330; x_wconf 84' lang='lat' dir='ltr'><strong>ego</strong></span> <span class='ocrx_word' id='word_1_264' title='bbox 1112 3280 1167 3333; x_wconf 77' lang='lat' dir='ltr'><strong>ego</strong></span> 
     </span>
     <span class='ocr_line' id='line_1_37' title="bbox 148 3350 362 3390; baseline 0 -1"><span class='ocrx_word' id='word_1_265' title='bbox 148 3352 209 3389; x_wconf 87' lang='lat' dir='ltr'><strong>snm</strong></span> <span class='ocrx_word' id='word_1_266' title='bbox 259 3350 362 3390; x_wconf 72' lang='lat' dir='ltr'><strong>ocosias</strong></span> 
     </span>
    </p>
   </div>
   <div class='ocr_carea' id='block_1_8' title="bbox 0 0 1276 3954">
    <p class='ocr_par' dir='ltr' id='par_1_10' title="bbox 0 0 1276 3954">
     <span class='ocr_line' id='line_1_38' title="bbox 0 0 1276 3954; baseline 0 0"><span class='ocrx_word' id='word_1_267' title='bbox 0 0 1276 3954; x_wconf 95' lang='lat' dir='ltr'><strong> </strong></span> 
     </span>
    </p>
   </div>
  </div>
 </body>
</html>
