2492 3952
528 233 750 279 -xn-

136 374 307 460 machiqne
336 375 523 459 epistulam,
548 395 645 458 quam
668 375 777 436 unum
800 372 869 456 ipse
892 371 1055 438 Ausonius
1078 369 1149 438 Μο-

137 465 233 528 sellae
262 463 433 529 subiecerit
460 485 502 528 an
524 464 639 548 postca
662 482 745 527 unus
769 482 893 545 eorum,
918 461 974 544 qui
995 461 1150 546 legebant

135 551 333 631 Ausoniaua,
357 551 506 616 dubitare
529 551 646 634 possis.
682 571 758 614 nam
783 553 816 614 et
839 549 904 614 alia
922 549 1043 633 insunt,
1065 569 1149 634 quae

135 643 173 705 ut
196 641 358 705 diuersum
384 663 404 704 a
422 639 577 704 Vossiani
599 659 721 723 proauo
744 638 874 722 librum,
897 659 936 702 ex
954 658 1017 722 qno
1036 638 1150 702 deduc-

136 732 189 794 tus
213 733 263 794 est
285 728 469 812 Parisinus,
491 728 593 792 fuisse
616 727 806 809 ostendunt,
832 726 880 792 ita
903 725 1149 810 antiquissimae

136 818 205 882 eius
230 818 347 883 aetatis
368 817 480 901 fuisse,
503 838 568 900 qna
586 814 709 881 Graeca
729 815 836 880 studia
854 815 1027 880 florebant:
1050 816 1150 880 uersi·
1203 873 1207 878 ,

139 907 229 971 culos
252 907 334 970 istos
358 905 439 988 dico,
463 904 579 988 quibus
603 905 711 969 nescio
736 904 808 988 quis
826 901 1029 968 Christianus
1052 904 1149 968 homo

137 994 193 1058 sed
217 992 350 1060 Graecis
379 994 496 1058 litteris
524 993 638 1072 doctus
666 992 705 1057 de
734 992 948 1076 ambiguitate
971 991 1058 1058 uitae
1082 1013 1151 1058 car·

136 1082 233 1148 minis
268 1083 418 1148 ultimum
446 1103 576 1146 uersum
605 1079 705 1165 (infra
731 1103 762 1164 p.
782 1077 840 1167 89)
868 1080 1002 1164 refutat,
1034 1081 1150 1164 quibus

136 1171 252 1236 addere
272 1171 349 1236 licet
363 1168 522 1236 Graecam
535 1169 780 1253 inscriptionem
795 1169 1039 1254 epigrammatis
1053 1170 1150 1236 modo

137 1260 380 1325 conmemorati.
411 1280 516 1344 neque
536 1258 695 1324 silendum
714 1262 763 1322 est
780 1258 869 1323 aliud
888 1258 1050 1343 quoddam
1068 1262 1151 1324 tem·

137 1348 226 1431 poris
249 1348 439 1433 uestigium:
463 1346 611 1431 Hispalis
630 1346 715 1412 enim
735 1347 834 1430 urbis,
857 1369 953 1431 quam
967 1346 1150 1412 Vossianus

135 1436 170 1501 in
193 1435 333 1501 Vrbium
355 1458 386 1501 u
405 1437 448 1503 82
472 1439 559 1502 reete
582 1436 681 1500 habet
699 1433 753 1522 (cf.
774 1434 891 1501 Strabo
910 1433 961 1500 III
981 1432 1069 1522 141),
1092 1458 1151 1501 no·

138 1524 249 1590 bilitas
278 1525 344 1590 iam
373 1528 514 1591 cesserat
536 1523 716 1607 Emeritos,
743 1525 828 1608 quod
850 1545 968 1590 nomen
992 1524 1039 1588 ibi
1061 1524 1150 1590 Pari·

98 1657 101 1664 ·
139 1614 227 1677 sinus
257 1614 401 1698 praebet.
427 1649 468 1660 —
491 1612 563 1678 Hae
586 1613 688 1698 igitur
711 1613 807 1677 unius
835 1612 954 1678 codicis
981 1613 1150 1698 relliquiae

137 1703 172 1766 in
195 1701 258 1766 duo
279 1706 396 1785 postea
413 1702 581 1768 uolumina
600 1702 745 1784 dilapsae
763 1704 847 1766 sunt.
884 1700 975 1766 euius
994 1702 1042 1766 rei
1059 1704 1150 1768 testi·

138 1789 284 1856 monium
317 1790 463 1875 equidem
496 1791 712 1855 certissimum
744 1789 848 1854 habeo
881 1790 1055 1874 rationem,
1088 1813 1151 1875 que
1231 1817 1232 1860 r

138 1878 224 1943 inter
248 1901 281 1943 se
306 1879 434 1964 eclogas
458 1879 532 1944 illas
557 1882 711 1962 quattuor
731 1878 764 1942 in
778 1877 941 1944 Vossiano
960 1879 1084 1945 uicinas
1102 1881 1151 1945 ita
1231 1865 1232 1948 l

138 1967 278 2049 partitae
303 1971 379 2032 sunt
397 1968 482 2032 inter
501 1988 535 2032 se
555 1988 611 2031 eae
630 1966 854 2045 conlectiones,
878 1971 916 2032 ut
932 1967 1072 2051 primam
1087 1965 1149 2054 (ΙΙ)

139 2055 322 2139 Parisinus,
359 2056 500 2140 reliquas
531 2059 598 2120 tres
631 2051 786 2142 (III-V)
817 2055 881 2121 sibi
913 2060 1054 2122 sumeret
1084 2056 1150 2122 Ex-

138 2148 322 2227 cerptorum
344 2144 436 2209 liber.

204 2232 254 2297 De
283 2233 384 2298 altero
413 2233 524 2298 ordine
555 2229 670 2318 (libros
699 2231 722 2296 Z
751 2228 838 2317 dieo)
868 2253 950 2315 quae
976 2233 1150 2317 disputaui,

137 2321 250 2404 paucis
281 2321 501 2386 confirmanda
530 2321 620 2385 duco.
674 2324 772 2404 atque
804 2321 957 2404 pleraque
994 2323 1151 2405 opuscula

138 2429 239 2493 eaque
258 2409 466 2494 grauissima,
489 2431 571 2495 quae
589 2409 625 2473 hi
643 2409 721 2474 libri
741 2409 877 2490 habeut,
900 2410 1056 2475 exclusa
1075 2415 1152 2476 sunt

137 2518 183 2561 ex
214 2499 360 2582 prioris
393 2498 556 2572 ordinis
587 2497 730 2581 libris,
763 2518 937 2581 eorumque
973 2497 1150 2564 maximam
1229 2575 1230 2580 γ

137 2589 266 2669 partem
293 2585 458 2652 Ausonius
482 2590 538 2652 aut
565 2585 642 2651 fecit
665 2589 722 2650 aut
745 2585 845 2650 edidit
867 2607 977 2664 senex,
1006 2593 1062 2652 aut
1086 2611 1150 2653 ser·
1206 2585 1230 2666 ᾗ

139 2695 233 2738 uasse
256 2675 291 2738 in
314 2674 439 2740 scriniis
461 2674 624 2760 putandus
648 2678 706 2758 est,
728 2695 788 2740 nec
811 2678 941 2757 recepta
963 2675 1095 2742 fuorunt
1117 2679 1151 2742 in

138 2762 400 2828 Theodosianum
418 2764 583 2848 exemplar
596 2757 677 2848 (did.
689 2762 830 2845 Bissula,
850 2761 961 2847 Cento,
978 2762 1151 2849 Epigram-

138 2857 228 2916 mata
257 2852 374 2934 altera,
401 2853 561 2936 epistulae
590 2851 630 2916 ad
653 2850 790 2916 Paulum
814 2850 1042 2936 Graecanicae,
1071 2852 1152 2920 Gra·
1228 2897 1229 2900 =

139 2939 260 3004 tiarum
295 2940 394 3023 actis,
431 2936 519 3026 alia).
564 2961 623 3004 nee
654 2943 764 3006 tamen
797 2940 920 3024 omnia,
956 2961 1039 3024 quae
1075 2947 1153 3027 post

140 3027 276 3094 alteram
295 3028 470 3094 editionem
489 3033 702 3112 accesserunt,
720 3028 828 3094 aliena
842 3031 918 3092 sunt
932 3029 973 3093 ab
987 3027 1154 3097 Vossiana

140 3117 351 3182 conlectione.
391 3138 468 3183 nam
491 3116 527 3183 in
549 3117 611 3182 hac
634 3117 829 3200 interposita
852 3120 929 3182 sunt
951 3119 1055 3184 multa
1078 3140 1152 3184 cum
1227 3179 1228 3210 ,

140 3204 180 3268 ab
203 3204 277 3288 ipso
292 3204 438 3270 Ausonio
462 3209 532 3271 tum
556 3206 597 3270 ab
621 3204 738 3270 herede
757 3225 823 3270 non
841 3205 1022 3289 aptissimis
1041 3209 1153 3273 omnia
1227 3213 1228 3280 ξ

138 3293 228 3377 locis,
251 3315 388 3377 quarum
410 3297 536 3377 partem
560 3293 668 3360 nescio
692 3315 734 3358 an
756 3293 887 3378 pensior
911 3315 988 3358 eura
1007 3293 1153 3380 (qualem

138 3381 174 3447 in
192 3382 418 3448 constituenda
436 3405 523 3448 noua
540 3382 681 3448 editione
703 3381 856 3448 adhibere
871 3383 978 3448 solent
991 3387 1153 3470 auctores,

139 3470 317 3556 neglegunt
335 3469 485 3558 heredes)
505 3472 579 3538 aliis
598 3472 679 3536 locis
700 3470 798 3534 fucrit
817 3470 1047 3536 adiudicatum.
1075 3469 1152 3538 nam

140 3559 207 3624 suis
237 3560 365 3644 quidem
392 3560 472 3627 locis
502 3559 624 3644 recepti
654 3562 728 3626 sunt
758 3556 912 3625 Caesares
944 3559 1154 3647 posteriores,
1226 3601 1227 3617 κ
