2516 3954
488 215 531 226 -
578 197 664 244 CVIII
709 215 751 224 -

116 342 181 408 383
204 340 392 407 Maximus
428 344 616 423 tyrannus
653 339 739 402 intra
771 335 959 403 Britannias
993 340 1140 422 sumpsit

205 427 769 585 iffiffiuffirfflsfli{ffidiiur
788 426 894 492 uictor
912 426 1025 511 ibique
1046 427 1140 513 degit

117 607 182 673 383
202 518 222 674 8
242 606 294 672 Kl.
313 603 401 690 Sept.
428 554 647 670 (irratianus¹
665 605 833 688 Augustus
856 601 1007 688 Lugduni
1035 602 1141 669 inter·

207 696 324 777 fectus,
347 693 598 759 Valentinianus
622 691 720 757 Italia
743 692 896 776 expulsus
920 699 1009 766 (Oros.
1024 701 1079 756 VII
1094 708 1139 770 34,

209 787 250 837 10.
265 779 387 852 Epitom.
402 785 446 848 47,
462 786 486 834 l.
501 778 665 834 Ambrosius
679 777 710 832 in
723 777 826 832 Psalm.
840 776 915 831 ΙιΧΙο
930 783 1045 845 17-36,
1065 777 1141 832 eius·
1250 775 1251 824 l

209 853 272 907 dem
292 851 374 923 epist.
393 851 430 904 ad
448 849 677 904 Valentinianum
696 849 752 918 (ed.
766 849 866 904 Venet.
881 847 922 903 Ill
938 849 1002 917 945)
1021 851 1052 902 et
1065 845 1138 904 Ocn—
1250 871 1251 936 ἦ

209 923 311 979 solatio
329 922 364 977 de
383 921 463 977 obitu
480 919 674 975 Valentiniani
692 937 715 974 c.
730 926 764 974 73
783 923 813 974 et
830 922 883 988 80).

208 997 405 1062 Ausonius
429 993 616 1078 tyrannicis
648 993 849 1078 temporibus
882 992 1032 1057 Treueris
1067 997 1140 1057 erat
1250 977 1251 1072 J

209 1107 282 1150 curn
313 1085 381 1148 filio
410 1081 583 1166 Hesperio,
615 1082 670 1166 qui
702 1083 832 1166 longius
860 1082 923 1146 iter
948 1081 1139 1165 ingrediens

208 1172 419 1256 Burdigalam
447 1175 573 1254 patrem
602 1172 720 1250 solum,
754 1170 903 1254 quamuis
932 1173 1026 1235 coetu
1056 1170 1140 1234 celo

207 1263 336 1326 bratum
356 1260 470 1340 amico,
492 1263 716 1342 maestumque
733 1257 890 1343 relinquit
909 1266 971 1337 (Ep.
985 1267 1038 1321 XX
1053 1267 1138 1323 inscr.

209 1349 238 1402 et
256 1364 282 1401 u.
299 1352 323 1400 7.
350 1364 378 1401 ιι.
394 1351 440 1400 19:
458 1347 591 1413 totusque
611 1344 681 1399 mibi
699 1343 740 1398 sic
759 1361 848 1399 annus
866 1343 964 1412 abibit,
983 1344 1141 1400 restituant

209 1417 298 1472 donec
321 1419 372 1472 tua
394 1433 439 1470 me
461 1415 515 1470 tibi
537 1415 598 1470 fata
619 1418 766 1486 parentem
786 1441 820 1460 ==
840 1415 930 1470 donec
953 1431 1006 1484 ego
1025 1432 1142 1484 quoque

211 1487 393 1559 Burdigalam
412 1487 561 1557 ueniaml).

121 1570 184 1629 383
209 1559 410 1648 (temporibus
442 1565 622 1643 tyrannicis,
658 1565 719 1624 iam
751 1564 870 1626 deuicto
903 1565 955 1624 sed
988 1565 1141 1624 incertum

210 1659 313 1715 utrum
340 1656 411 1715 uiuo
441 1675 479 1714 au
508 1653 604 1715 occiso
628 1647 801 1733 Gratiano):
830 1653 993 1728 epistula
1015 1653 1073 1711 XX
1097 1654 1141 1713 ad

210 1744 347 1820 filium,
371 1744 422 1819 qui
446 1744 484 1802 ad
506 1743 637 1819 patriam
660 1744 726 1802 erat
747 1741 909 1819 profectus.
941 1745 1044 1811 (minus
1063 1749 1142 1802 recte
1250 1809 1251 1820 J

213 1827 278 1895 post
295 1825 349 1879 hoc
363 1824 475 1892 tempus
488 1823 596 1878 nullam
610 1822 739 1892 Hesperii
752 1821 918 1878 memoriam
931 1822 1048 1890 reperiri
1063 1823 1140 1877 dixe-

211 1898 290 1960 runt3
309 1913 374 1950 nam
393 1912 437 1963 ep.
452 1893 544 1948 XVIII
563 1895 599 1948 ad
612 1893 778 1964 Hesperium
799 1911 861 1948 cum
881 1892 991 1948 deliciis
1010 1893 1097 1948 missa
1113 1896 1143 1948 et
1250 1897 1251 1900 ’

211 1984 253 2036 ep.
269 1965 347 2020 XXV
365 1966 400 2020 ad
415 1963 571 2033 Paulinum,
591 1966 669 2019 cuius
687 1965 718 2019 in
730 1965 817 2034 praef.
837 1970 871 2019 33
885 1963 937 2018 filii
951 1981 1054 2018 nomen
1068 1963 1141 2034 legi·
1250 1963 1251 2016 l

209 2039 256 2092 tur
278 2036 346 2106 („ita
369 2053 399 2091 se
422 2040 451 2092 et
468 2035 633 2106 Hesperium
654 2036 762 2090 saluum
779 2036 928 2106 habeam“)
946 2052 1003 2090 non
1022 2034 1141 2090 dubium
1250 2079 1251 2108 J

211 2109 279 2177 quin
298 2126 332 2162 ex
351 2108 409 2163 otio
427 2107 623 2177 Burdigalensi
642 2105 763 2176 scriptae
782 2106 859 2176 sint.)

123 2181 189 2248 385
212 2181 425 2267 Hesperius
457 2204 487 2246 u.
519 2182 539 2246 i.
572 2202 678 2245 comes
713 2178 910 2266 (Symmach.
943 2201 992 2264 ep.
1014 2178 1045 2243 X
1070 2176 1141 2266 23.)
1250 2185 1251 2230 1

212 2271 350 2335 Ausonii
374 2293 413 2334 ex
431 2269 590 2353 Hesperio
609 2269 678 2334 filio
699 2290 811 2352 nepos,
833 2273 870 2333 ut
893 2267 1022 2332 uidetur
1050 2275 1141 2346 (quod

212 2355 341 2425 Souchay
354 2355 391 2410 ad
406 2357 508 2410 Auson.
523 2353 575 2425 Ep.
585 2354 636 2409 XX
652 2354 723 2409 dicit
736 2354 771 2408 de
780 2358 871 2424 patre,
884 2353 1091 2424 pariterpossit
1101 2354 1139 2407 ad
1250 2351 1251 2362 ¹

211 2426 300 2481 filium
318 2427 477 2496 pertinere).
509 2425 591 2480 huius
610 2426 656 2480 uel
674 2425 748 2479 filins
766 2427 814 2480 uel
831 2441 919 2495 nepos
937 2423 1024 2478 fuisse
1043 2427 1140 2494 potest

213 2497 237 2551 is
256 2498 419 2566 Hesperius,
444 2496 479 2552 de
497 2514 553 2567 quo
571 2497 714 2552 decretum
732 2496 908 2566 proconsulis
927 2495 1051 2550 Achaiae
1071 2493 1143 2550 CIL
1250 2539 1251 2566 J

211 2568 251 2622 III
265 2573 317 2623 568
336 2569 469 2637 loquitur.

124 2643 191 2708 385
214 2641 492 2707 Priscillianus
516 2663 588 2706 cum
613 2641 709 2706 sociis
733 2641 847 2724 capitis
870 2641 1053 2724 damnatus,
1075 2639 1141 2705 Eu·

92 2797 97 2808 ,
214 2731 341 2795 chrotia
355 2751 482 2816 quoque
497 2730 606 2813 gladio
620 2732 788 2815 perempta
803 2738 918 2809 (Sulpic.
934 2737 1027 2793 Seuer.
1044 2738 1142 2794 chron.
1250 2749 1251 2812 j

214 2815 294 2884 1151,
308 2822 376 2885 2sq.
391 2817 457 2870 dial.
467 2815 507 2869 111
519 2822 551 2870 11
560 2833 628 2898 sqq3
639 2816 737 2871 Pacati
747 2833 847 2886 paneg.
858 2821 900 2870 29.
915 2814 989 2869 Prot.
1001 2819 1025 2884 5,
1036 2819 1070 2869 37
1078 2815 1142 2883 sq.).
1250 2825 1251 2836 *

124 2897 308 2972 paulopost
332 2897 394 2956 385
428 2895 680 2955 Professcrum
708 2893 1032 2972 Burdigalensium
1061 2911 1142 2953 con·
1250 2895 1251 2904 ‘

212 2984 429 3043 memoratio
458 2986 493 3058 (5,
508 2995 541 3043 at
560 2987 730 3044 Euchrotiae
754 3005 846 3058 poena
864 2983 1055 3051 memoratur).
1093 2981 1144 3041 his

214 3092 275 3132 non
296 3072 393 3132 multo
415 3075 486 3148 post
509 3072 665 3132 subiunxit
687 3073 884 3149 Epitaphia
905 3072 1033 3131 bereum
1056 3069 1141 3129 Troi-

216 3181 319 3222 corum
339 3163 446 3221 1-26
476 3162 553 3230 (nam
576 3182 648 3234 quae
672 3167 802 3220 secuntur
821 3165 888 3235 epit.
908 3169 1022 3220 27-35
1041 3165 1144 3233 postea

217 3243 277 3297 siue
297 3241 412 3312 abipso
432 3239 491 3296 siue
510 3241 547 3296 ab
564 3240 714 3296 heredibus
733 3243 845 3297 adiecta
862 3239 1002 3307 uidentur,
1022 3239 1056 3292 nt
1073 3238 1142 3310 epit.

217 3319 251 3368 33
268 3315 343 3382 (255)
366 3312 456 3368 multo
480 3315 546 3367 ante
569 3315 619 3366 aut
642 3313 785 3366 conditum
805 3312 840 3367 sb
858 3313 921 3382 ipso
939 3310 1064 3365 Ausonio
1083 3313 1141 3378 aut,

217 3385 292 3452 quod
311 3383 426 3454 propius
445 3401 463 3438 a
481 3399 548 3438 uero
566 3381 687 3450 uidetur,
707 3399 741 3436 ex
760 3383 867 3440 Graeco
886 3384 1070 3448 conuersum).

125 3457 264 3541 386J381
289 3462 371 3540 Sept.
405 3462 664 3523 Genethliacos
693 3461 735 3520 ad
757 3465 924 3538 nepotem
947 3464 1052 3530 (Idibus
1074 3463 1142 3534 Sep·
1250 3497 1251 3504 ι

214 3543 313 3598 tembr.
342 3544 367 3598 is
390 3544 480 3598 XV¹²¹¹¹
504 3559 607 3597 annum
631 3541 805 3597 absolueret:
834 3548 868 3597 20
892 3545 972 3597 sexta
993 3538 1048 3596 tibi
1071 3539 1143 3595 haec
1250 3601 1251 3626 i
