2466 3958
483 241 525 251 -·
571 225 650 271 Vllll
698 243 735 252 ·-

104 365 164 430 tali
183 364 383 430 coniectione
401 364 600 430 instituenda
619 365 690 450 quia
708 387 776 432 non
793 366 934 450 primum
955 368 1116 434 inlocum
1209 395 1210 402 ¹

104 454 328 520 arcessiuisset
354 451 525 519 Mosellam
552 454 593 519 ab
624 454 775 520 omnibus
804 455 953 540 partibus
977 456 1116 523 maxime
1210 495 1211 500 κ

105 541 388 608 adcommodatum
411 563 542 607 carmen
564 564 638 607 eum
661 543 695 607 in
718 565 826 626 usum,
852 544 921 609 siue
943 567 995 609 res
1017 546 1116 630 ipsas,

104 653 186 716 quae
215 630 263 696 ibi
291 633 472 696 tractantur
501 631 671 716 respicias,
707 635 777 697 siue
807 654 872 716 qua
903 633 1036 717 plenum
1066 639 1117 700 est
1212 657 1213 660 ¹

103 720 261 804 pietatem
285 739 364 804 erga
386 720 526 804 patriam
549 723 645 805 atque
673 720 834 804 dominos,
862 721 934 806 quis
961 743 1028 787 non
1052 723 1117 787 alia

103 807 311 892 desideraret,
333 829 416 893 quae
437 808 599 873 neminem
625 812 777 893 poterant
799 809 983 876 offendere?
1024 832 1116 894 prae·

103 896 218 962 sertim
250 918 323 962 cum
352 896 531 962 inducendo
561 898 671 981 potius
701 903 735 964 et
764 898 900 964 delendo
931 920 1028 983 quam
1059 899 1116 964 eli·

104 984 210 1071 gendo
229 1007 268 1050 ex
287 986 518 1069 opusculorum
537 1007 673 1071 corpore
690 987 775 1052 hano
790 987 1023 1054 conlectionem
1041 1009 1116 1054 oon·

104 1074 208 1139 ditem
240 1074 369 1139 diceres.
414 1093 473 1139 nec
504 1074 611 1140 minus
641 1078 727 1141 recte
754 1079 824 1141 tum
855 1076 1069 1141 obscenorum
1099 1097 1116 1140 e

102 1165 196 1228 textu
219 1161 411 1228 Ausoniano
438 1166 636 1228 resectorum
665 1164 874 1248 appendicem
904 1164 1026 1230 diceres
1051 1185 1116 1228 ser·

103 1255 216 1316 uatem
238 1252 273 1315 in
296 1249 426 1316 'liliano
449 1252 697 1318 conlectionem:
720 1273 796 1317 nam
820 1275 855 1317 re
880 1275 958 1318 uera
981 1253 1009 1317 is
1033 1252 1115 1318 liber

105 1361 179 1404 curn
199 1339 334 1404 adseclis
349 1341 495 1405 continet
513 1340 669 1425 quidquid
687 1341 896 1406 lusciniarum
911 1363 969 1426 per
982 1342 1116 1425 longam

104 1431 246 1494 aetatem
277 1429 457 1493 conlectum
489 1428 578 1494 domi
609 1429 724 1494 habuit
756 1451 853 1495 senex
879 1451 982 1514 neque
1016 1428 1117 1494 edidit

106 1521 182 1582 ante
197 1537 293 1601 quam
307 1520 411 1581 morte
427 1515 709 1604 adpropinquante
723 1518 847 1602 ingenii
856 1540 939 1584 uena
949 1523 1116 1582 aresceret.

104 1605 139 1670 id
162 1605 247 1689 quod
271 1605 349 1669 olim
372 1626 424 1670 me
447 1606 598 1690 pertexit,
621 1612 659 1671 ut
681 1605 891 1691 appendicem
914 1607 1116 1672 sublatorum

104 1716 144 1759 ex
167 1693 284 1759 scediis
308 1697 383 1758 auct
368 1694 449 1758 toris
469 1693 609 1758 dicerem
626 1693 771 1761 familiae
790 1694 814 1759 Z
834 1695 926 1760 libris
950 1694 1117 1778 contineri,

104 1804 178 1848 cum
196 1783 344 1865 partibus
362 1782 575 1848 conlectionis
590 1783 716 1866 abipso
734 1788 811 1867 poet
812 1805 832 1848 a
850 1782 1013 1867 profectae
1031 1782 1116 1847 mele

104 1871 373 1956 conglutinatam
424 1892 488 1954 qua
513 1872 548 1935 in
574 1893 610 1936 re
638 1893 833 1957 quamquam
861 1872 980 1956 erraui,
1007 1875 1118 1936 tamen

103 1959 239 2045 propius
262 1981 282 2024 a
304 1981 381 2024 uero
405 1981 546 2025 errorem
574 1982 682 2025 meum
710 1961 844 2045 afuisse,
872 1982 969 2044 quam
996 1959 1118 2045 specio·

104 2070 159 2115 sas
175 2047 313 2113 aliorum
328 2048 496 2132 opiniones
511 2049 557 2114 eis
558 2070 667 2133 ,quae
686 2070 784 2132 porro
798 2052 1008 2133 exponentur,
1022 2068 1116 2132 spero

128 2136 241 2202 atebit.

103 2141 163 2223 Pl
172 2224 258 2291 Nam
282 2247 356 2290 eum
380 2246 475 2308 quem
498 2223 564 2289 dixi
584 2223 728 2290 ordinem
746 2226 934 2291 incohatum
955 2225 990 2288 in
1012 2223 1117 2307 prima

105 2314 248 2380 editione
267 2314 344 2378 anni
363 2313 438 2398 383,
461 2313 552 2378 cuius
577 2313 669 2398 quasi
689 2313 863 2380 umbilicus
883 2317 953 2380 erat
971 2311 1118 2396 Mosella,

105 2401 219 2469 multis
243 2402 446 2488 egregiisque
469 2402 562 2466 libris
585 2405 716 2467 auctum
742 2407 775 2468 et
803 2402 1036 2488 amplificatum
1063 2399 1118 2466 de·

103 2490 333 2577 prehendimus
363 2491 397 2555 in
425 2489 540 2575 altera,
570 2512 667 2574 quam
696 2492 867 2575 septennio
891 2495 967 2576 post
988 2489 1118 2554 uidetur

106 2580 253 2646 emisisse
272 2579 454 2645 Theodosio
477 2578 676 2663 inscriptam.
710 2584 787 2665 post
807 2579 869 2645 hoc
887 2584 1016 2664 tempus
1035 2599 1117 2663 quae

104 2672 328 2752 accesserunt,
359 2689 471 2733 eorum
503 2689 606 2753 pauca
640 2669 707 2733 suis
741 2669 822 2735 locis
855 2669 925 2754 ipse
954 2667 1118 2733 inserebat

106 2760 235 2842 auctor,
256 2756 361 2825 maior
388 2779 465 2841 pars
489 2757 632 2841 seposita
655 2757 724 2822 sine
748 2757 859 2823 ordine
882 2758 918 2822 in
939 2757 1003 2820 fine
1027 2755 1117 2820 uolu-

105 2847 202 2912 minis
243 2846 457 2930 expectabant
493 2867 626 2911 menum
663 2845 862 2930 disposituri.
916 2846 1002 2914 inter
1037 2844 1118 2909 haec

104 2935 206 3001 fuisse
234 2934 411 3015 Bissulam,
435 2933 626 3016 Centonem,
653 2935 810 3020 epistulas
838 2933 958 3000 multas
987 2934 1117 2998 exotio

104 3023 332 3108 Burdigalensi
356 3022 396 3089 ad
418 3022 583 3089 Thoonem
605 3023 744 3089 Paulum
768 3022 955 3090 Tetradium
978 3021 1118 3086 fortasse

105 3113 206 3179 etiam
232 3111 405 3177 Paulinum
433 3113 585 3213 scriptas,
610 3110 745 3215 denique
767 3111 995 3214 Epigrammat
995 3131 1050 3174 um
1074 3108 1119 3174 al-

105 3206 211 3266 teram
221 3200 473 3285 amplroremque
485 3200 602 3266 seriem
614 3201 770 3285 suspicor.
788 3222 870 3304 quae
883 3223 929 3267 ιιι
939 3202 977 3264 ut
985 3198 1119 3262 muent

48 3301 50 3306 '
108 3294 197 3374 sunt,
219 3289 254 3352 in
255 3294 348 3374 tegra
366 3289 566 3391 reliquerunt
583 3288 733 3374 heredes,
757 3290 813 3374 qui
832 3289 896 3354 alia
915 3308 1042 3392 quoque
1064 3285 1118 3350 ad·

106 3380 252 3444 iecerunt
265 3376 334 3442 siue
347 3378 455 3462 „exlit
455 3377 582 3443 urariis‘
583 3377 864 3463 ‘,tuelufilrumad
874 3375 1047 3462 epistulam
1056 3371 1119 3438 XX

108 3464 215 3554 (391),
230 3467 298 3532 siue
314 3465 435 3531 dudum
450 3466 600 3532 absoluta
614 3488 695 3550 quae
709 3466 883 3532 memoriae
898 3463 1039 3531 auctoris
1054 3483 1117 3526 ser·

108 3555 233 3623 uandae
257 3557 367 3621 ιιιιιιι
371 3605 380 3639 ,
402 3560 439 3620 ut
461 3553 552 3620 (irat
528 3559 645 3620 t1arum
671 3555 831 3620 actionem
856 3555 932 3620 anni
955 3551 1029 3617 379.
