2466 3958
442 235 480 244 -
528 215 649 262 XXXXV
698 233 735 243 ·-

77 385 151 426 eum
163 360 323 425 habuisse
340 357 496 442 suspicor,
510 379 645 442 quorum
661 357 693 421 in
703 358 854 442 catalogo
866 380 890 423 s.
900 356 930 420 X
940 357 1097 440 confecto,

77 451 188 536 (quem
219 470 261 513 ex
286 446 448 512 Muratori
475 447 597 531 antiqq.
621 446 693 510 Ital.
717 445 766 510 ΙΙΙ
792 447 968 512 817-824
993 447 1096 512 denuo

77 539 178 603 edidit
206 536 366 601 GBecker
392 535 428 599 in
459 533 627 619 Gatalogis
655 535 926 600 bibliothecarum
955 536 1097 620 antiquis

76 652 105 713 p.
120 629 165 692 64
175 623 262 713 sqq.)
283 625 346 689 duo
361 625 501 689 Ausonii
515 628 723 689 recensentur
739 625 943 708 exemplaria,
958 625 1096 689 alterum

147 750 177 786 a.
197 729 399 854 fli'li’l'stiiidl
422 725 539 783 Ausonii
561 731 663 798 poetae
687 729 698 782 l
722 727 829 796 inquo
854 728 993 782 habentur
1012 725 1096 782 Plinii

251 820 263 854 r
284 817 310 854 n

78 913 234 994 alterum,
259 907 347 993 quod
371 909 442 972 sine
465 907 564 972 dubio
586 905 667 971 illud
690 909 741 970 est
764 908 849 991 quod
870 908 1099 990 derideremur,

149 1034 178 1070 n.
205 1018 264 1070 610
289 1012 335 1084 (de
358 1012 439 1065 libris
462 1010 539 1065 Petri
561 1011 726 1079 presbyteri)
751 1009 871 1078 „librum
894 1010 1009 1066 Ausonii
1032 1013 1044 1065 Ι
1069 1011 1098 1064 in

242 1101 300 1153 quo
320 1081 487 1152 mictologia
507 1080 655 1152 Fulgentii.
684 1081 825 1136 rhetorica
843 1081 936 1136 Caroli
954 1086 983 1136 et
1002 1082 1100 1137 Albini

246 1160 277 1211 et
295 1153 546 1225 periermeniarum
565 1150 669 1224 Apulei
687 1154 716 1206 et
734 1152 790 1206 alia
808 1153 956 1221 quaedam.

80 1269 113 1332 hi
140 1266 221 1331 libri
250 1285 319 1330 non
346 1263 412 1328 iam
441 1269 598 1347 apparent
626 1263 660 1324 in
686 1261 837 1344 catalogo
865 1285 893 1327 a.
914 1264 997 1328 1461
1023 1286 1100 1328 con-

80 1356 175 1440 fecto,
200 1375 300 1438 quem
324 1351 426 1416 edidit
448 1351 606 1434 APeyron
631 1346 810 1436 (Ciceronis
833 1352 1018 1416 orationum
1041 1375 1100 1436 pro

81 1445 203 1510 Scauro
219 1494 226 1509 .
243 1493 250 1508 .
267 1443 483 1526 ‚fragmenta
498 1437 618 1522 Stuttg.
634 1442 666 1502 et
681 1438 818 1522 Tubing.
837 1441 921 1506 1824
935 1463 965 1523 p.
978 1439 1100 1529 1-62)
1116 1447 1119 1452 '

80 1555 185 1618 neque
209 1531 390 1617 quidquam
418 1529 557 1594 Ausonii
580 1527 713 1612 Georgii
737 1526 880 1591 Merulae
909 1536 942 1593 et
970 1529 1102 1616 Georgii

81 1621 227 1686 Galbiati
256 1641 357 1705 opera
385 1617 542 1683 Ludouici
570 1615 710 1681 Sfortiae
734 1616 824 1681 ducis
848 1618 1003 1702 auspiciis
1031 1642 1101 1684 sus·

82 1721 176 1796 cepta
202 1710 253 1774 ibi
282 1709 410 1773 inuenit
438 1729 465 1772 a.
497 1706 591 1771 1493.
637 1726 737 1788 quare
765 1725 838 1769 cum
863 1706 936 1771 aliis
963 1710 1101 1772 uetustis

82 1801 174 1864 libris
190 1800 297 1863 multo
313 1802 389 1861 ante
408 1797 443 1859 in
457 1794 680 1860 Veronensem
698 1793 929 1860 bibliothecam
945 1798 1101 1880 migrasse

83 1889 249 1953 Ausonius
274 1907 404 1971 quoque
429 1883 524 1949 facile
544 1882 718 1948 credendus
738 1880 838 1969 erit*)
857 1883 1041 1950 infelicibus
1055 1885 1102 1950 rei

82 1977 262 2042 litterariae
277 1975 394 2057 turbis,
409 1995 491 2058 quae
501 1978 576 2056 post
586 1969 737 2036 Gerberti
752 1971 880 2036 abbatis
891 1969 934 2058 (a.
946 1975 1087 2058 esesqq.

84 2071 225 2131 aetatem
239 2066 437 2150 ingruerunt
449 2061 666 2126 Bobiensibus
681 2055 758 2146 (uid.
769 2060 907 2144 Peyron.
918 2085 948 2146 p.
959 2062 1007 2126 XI
1019 2085 1087 2149 sqq.

149 2171 300 2236 Alterius
324 2191 453 2254 quoque
471 2167 643 2234 Bobiensis
667 2166 787 2232 codicis
807 2168 983 2250 uestigium
1006 2169 1103 2234 facile

86 2263 156 2346 quis
181 2262 245 2325 sibi
269 2259 482 2344 deprendisse
510 2256 716 2342 persuadeat:
744 2277 820 2320 nam
848 2257 1006 2322 Aemilius
1029 2257 1103 2323 Iler·

87 2351 201 2415 rarius:
230 2353 418 2423 „adiecimus
441 2347 502 2432 ait,
525 2369 559 2407 ex
582 2349 711 2418 catalogo
734 2349 886 2405 illustrium
906 2352 1016 2406 urbium
1035 2371 1104 2408 non-

87 2435 162 2490 nulla
181 2435 318 2504 excerpts
336 2431 542 2503 epigrammata
567 2429 639 2501 quae
658 2431 797 2509 Georgius
815 2431 924 2486 Merula
946 2433 1105 2502 polyhistor

87 2509 254 2576 praeceptor
268 2504 366 2558 noster
381 2505 410 2557 et
424 2504 572 2575 primarius
591 2501 705 2557 dicend1
720 2501 821 2558 artifex
837 2502 871 2556 in
885 2503 1105 2560 bibliotheca

87 2586 157 2640 diui
176 2583 360 2654 Eustorgii
379 2584 486 2653 primus
503 2583 677 2653 indagauit.“
714 2601 795 2666 quae
816 2599 887 2650 cum
908 2578 1019 2642 eadem
1039 2580 1106 2644 sint

88 2676 184 2754 atque
208 2691 248 2734 ea
277 2689 359 2752 quae
386 2668 422 2730 in
450 2668 576 2733 Tiberio
603 2668 687 2732 libro
714 2670 735 2735 f.
759 2667 924 2733 601—621
951 2667 1106 2752 leguntur

89 2755 165 2844 (uid.
198 2757 287 2824 inira
312 2779 344 2841 p.
367 2752 483 2842 LXX),
518 2758 604 2822 hunc
631 2757 887 2844 Eustorgianum
921 2763 1019 2840 atque
1052 2758 1106 2822 Ti·

88 2848 210 2911 lianum
252 2845 390 2909 eundem
433 2867 502 2910 esse
534 2846 653 2910 librum
690 2848 770 2912 olim
812 2846 995 2928 suspicatus
1034 2869 1105 2911 sum

90 2933 233 3022 (Ueberl.
258 2951 290 3018 p.
317 2931 464 3021 213sq.).
500 2957 598 3020 quam
628 2937 848 3001 coniecturam
883 2935 911 2998 si
941 2957 1007 3000 non
1040 2958 1106 3000 am-

92 3078 305 3088 ——-

158 3148 184 3212 *)
205 3144 265 3200 uid.
280 3141 411 3212 i'Blume,
425 3143 483 3199 Iter
496 3145 624 3199 italicum
639 3146 727 3201 1265.
747 3145 890 3215 Suspioari
903 3146 994 3216 possis
1009 3145 1107 3200 eedem

93 3217 175 3272 fuisse
194 3218 256 3270 fata
276 3215 464 3284 antiquissimi
482 3216 635 3270 uoluminis
654 3216 794 3271 Martialis
818 3220 932 3286 poetae,
957 3217 1035 3272 ouius
1058 3235 1108 3287 pa-

94 3287 180 3358 gellas
205 3287 356 3355 quaepiam
375 3285 562 3342 Bernardinus
585 3288 701 3356 quidam
724 3287 888 3344 adolescens
907 3287 1025 3343 Domitii
1045 3306 1108 3358 pro-

94 3359 211 3428 pinquos
240 3358 412 3412 Veronensis
440 3359 632 3414 commodauit
659 3360 769 3428 Angelo
803 3357 944 3414 Politiano
978 3357 1107 3430 (Miscell.

94 3446 115 3484 o.
130 3432 184 3497 28).
214 3427 347 3497 namqui
365 3430 395 3483 in
412 3433 509 3486 uetere
524 3429 654 3501 catalogo
672 3429 805 3486 Bobiensi
824 3433 996 3486 memorator
1014 3449 1040 3486 n.
1056 3438 1108 3487 366

94 3504 120 3556 et
136 3507 188 3556 367
214 3498 359 3555 Martialis
381 3518 445 3556 cnm
468 3500 564 3557 Persio
589 3503 725 3571 sociatus,
750 3502 810 3555 eine
829 3500 909 3556 nulla
926 3504 1062 3558 memoria
1079 3505 1109 3558 in

94 3574 223 3644 catalogo
243 3589 268 3627 a.
291 3577 367 3626 1461.
