2546 3962
534 170 773 234 -368-

141 331 295 415 positum.
333 330 426 396 nulla
449 327 535 394 enim
558 331 608 394 est
626 328 774 414 equidem
798 327 995 393 contumelia
1018 329 1161 414 secundi,

143 419 199 486 sed
222 420 257 483 in
280 419 405 485 dnobus
428 418 534 504 gloria
556 439 679 503 magna
701 416 849 502 praelati.

65 518 130 560 XXV
210 506 301 574 XIII.
324 506 503 574 Alexandri
517 506 702 572 Macedonis
721 505 784 571 boc
802 505 919 589 fertur,
937 526 1010 570 cnm
1024 504 1160 591 legisset

85 577 118 626 ⁵⁹
136 597 211 662 illos
235 619 346 664 uersus
365 595 568 676 Homericos,
589 595 705 680 quibus
723 593 864 660 Hectore
886 599 1085 681 prouocante
1108 595 1147 661 de
1161 616 1198 657 aso

143 707 261 752 nouem
285 686 435 764 ducibus,
464 685 519 770 qui
542 693 654 750 omnes
677 704 823 768 pugnare
847 683 1034 768 cupiebant,
1058 705 1158 748 unum
1257 723 1261 780 4

142 774 242 861 deligi
264 775 409 858 placeret
432 773 531 840 sortis
559 778 691 856 euentu,
719 771 848 856 trepida
871 770 928 838 ubi
952 773 1157 838 contentione

140 866 293 930 uotorum
325 862 438 929 Iouem
472 863 632 946 optimum
665 861 844 927 maximum
880 865 970 927 totus
1001 865 1158 945 precatur
1260 929 1261 952 χ

140 953 309 1036 exercitus,
333 955 370 1016 ut
383 952 518 1017 Aiacem
537 951 590 1016 uel
604 949 705 1034 Tydei
722 950 826 1014 filium
845 954 902 1015 aut
919 950 1028 1034 ipsum
1047 972 1156 1036 regem
1260 965 1261 970 ’

140 1040 256 1106 ditium
288 1041 498 1126 Mycenarum
536 1041 647 1106 sortiri
682 1039 829 1123 patiatur
860 1038 1156 1123 Agamemnonem:
1171 1060 1206 1102 aaa

140 1130 333 1213 occiderem,
360 1129 479 1213 inquit,
508 1129 615 1214 illum,
636 1129 692 1214 qni
715 1149 766 1192 rna
789 1127 922 1193 tertium
947 1126 1156 1195 nominasset.

86 1239 159 1298 600
184 1217 489 1305 magnanimitatem
511 1217 686 1284 fortissimi
708 1217 786 1282 uiri!
809 1217 973 1283 nominari
995 1217 1080 1281 inter
1102 1239 1157 1282 no

140 1329 213 1372 uern
236 1308 353 1374 tertius
377 1309 563 1391 recusabat3
590 1307 646 1373 ubi
670 1309 755 1372 certe
778 1306 925 1390 pluribus
949 1305 1159 1371 antecelleret

140 1417 238 1480 quam
279 1397 435 1462 subesset.
487 1399 609 1482 quanta
644 1395 697 1461 hic
734 1394 928 1461 uerecundia
963 1397 1157 1478 grauaretur

139 1486 304 1569 posterior
324 1485 364 1550 de
381 1484 529 1550 duobus?
554 1488 604 1550 est
627 1484 713 1549 enim
735 1484 770 1548 in
792 1483 855 1549 hoc
877 1504 1010 1549 numero
1035 1482 1157 1549 arduae
1170 1505 1206 1545 aa

138 1575 236 1658 plena
265 1574 465 1659 dignationis
497 1573 623 1639 electio.
668 1595 742 1639 cum
770 1572 930 1638 uniuersis
959 1572 1155 1638 mortalibus

139 1662 216 1746 duc,
240 1663 295 1748 qui
317 1663 401 1728 fiant
424 1663 585 1746 consules,
608 1663 848 1748 praeferuntur,
870 1662 1040 1746 qui'alteri
1059 1684 1156 1745 prae-

45 1764 124 1804 XXVI
140 1753 284 1836 ponitur,
311 1774 377 1818 non
399 1751 470 1835 uni,
494 1752 550 1817 sed
573 1751 723 1817 omnibus
748 1750 937 1816 antefertur.
984 1753 1156 1835 expectare

87 1822 224 1908 61nunc
251 1863 344 1906 aures
372 1841 593 1924 praesentium
621 1841 687 1906 scio
716 1844 749 1905 et
777 1839 917 1904 eminere
944 1839 979 1902 in
1008 1840 1155 1904 omnium

138 1931 231 1995 uultu
254 1930 409 2017 intellego
415 1979 424 2013 ‚
448 1930 534 2015 quod
556 1929 716 1995 desiderio
739 1929 942 2012 concipiatur
961 1928 1157 1994 animorum.
1171 1949 1207 1990 rsa

139 2019 327 2086 existimant
360 2019 462 2103 enim,
494 2041 567 2085 cum
599 2040 650 2103 aa,
683 2040 765 2102 qnae
798 2017 839 2082 ad
871 2020 979 2102 grates
1010 2016 1156 2102 agendas

138 2109 360 2191 pertinebant,
384 2108 573 2173 summatim
598 2110 631 2172 et
652 2108 800 2173 tenuiore
824 2106 894 2189 filo,
922 2106 1007 2172 sicut
1029 2106 1156 2191 dicitnr,

140 2197 277 2263 deducta
294 2197 481 2275 libauerim‚
504 2197 614 2280 aliqua
632 2219 684 2261 mc
703 2197 801 2263 etiam
820 2194 859 2260 de
876 2195 1059 2261 maiestatis
1078 2199 1157 2262 tuae

87 2316 121 2366 52
140 2285 291 2351 laudibus
324 2284 439 2350 debere
472 2284 702 2370 perstringere.
748 2306 943 2371 quamquam
975 2305 1027 2349 me
1055 2283 1157 2350 istam

141 2374 277 2440 dixerim
300 2374 483 2460 seposuisse
506 2373 676 2446 materiam
695 2375 780 2440 etin
799 2377 927 2457 tempus
945 2372 1033 2438 aliud
1051 2394 1156 2440 rescr·
1169 2398 1208 2439 roo

139 2485 225 2529 uara.
262 2463 472 2528 nihilominus
500 2465 622 2548 tamen,
652 2466 690 2528 ut
711 2485 798 2528 nunc
826 2463 934 2548 aliqua
957 2462 1157 2548 contingam,

139 2557 221 2618 nutu
244 2557 277 2618 et
299 2574 401 2637 prope
429 2573 592 2618 murmure
621 2553 842 2618 cohortantur.
888 2552 997 2636 itaque
1025 2550 1157 2634 faciam,

140 2641 269 2725 quando
306 2645 428 2727 cogunt
463 2641 644 2726 uolentem,
686 2643 741 2707 sed
777 2640 955 2706 maioribus
993 2641 1156 2725 separatis

210 2820 263 2870 380
280 2815 360 2871 Iliad.
378 2815 431 2870 VII
451 2822 501 2872 177
516 2834 576 2886 sqq.

210 2893 262 2943 397
281 2887 377 2941 Horat.
397 2904 441 2957 ep.
460 2886 486 2942 11
506 2892 530 2956 1,
549 2892 601 2943 ‘225
619 2887 699 2944 tenui
717 2888 838 2944 deducta
856 2888 989 2957 poemata
1007 2886 1063 2941 filo.

210 3054 262 3104 377
281 3047 356 3103 eninr
375 3062 424 3104 orn.
445 3047 480 3101 M
495 3049 499 3114 Ι
515 3048 645 3117 equidem
663 3048 690 3102 Z
706 3034 818 3118 quidem
837 3048 981 3103 Anaetica
1053 3052 1107 3103 378
1125 3046 1157 3102 in

141 3120 250 3175 duobus
270 3119 338 3174 ΤΜ
356 3118 386 3173 in
404 3135 455 3174 orn.
477 3116 556 3174 Gex
574 3118 682 3174 duobus
701 3120 855 3176 Ferrarius

210 3190 276 3246 XllI
295 3195 347 3246 380
362 3189 519 3245 homericos
533 3207 630 3246 uersus
641 3191 678 3245 M
683 3189 709 3245 G
724 3190 728 3262 l
745 3192 779 3246 de
792 3191 858 3245 ΤΜ
867 3191 953 3246 om.G
971 3207 986 3246 e
1001 3189 1157 3245 Ferrarius

139 3267 191 3318 382
211 3262 390 3319 contenti0ne
412 3261 438 3316 T
462 3262 646 3332 conceptione
665 3262 730 3317 MG
802 3267 855 3318 384
872 3261 943 3316 tidei
964 3261 1030 3316 ΤΜ
1101 3265 1155 3316 386

138 3333 310 3390 micenarum
323 3335 349 3388 Z
364 3335 368 3399 Ι
385 3332 479 3388 sortiri
492 3333 518 3389 G
536 3334 605 3390 sorti
617 3334 684 3388 PM
734 3338 786 3388 390
805 3335 893 3390 ardua
910 3332 996 3403 plana
1006 3332 1157 3388 Acidaliae

174 3411 226 3462 395
245 3405 375 3477 intelligo
392 3405 420 3459 Ζ
458 3405 532 3474 quod
552 3406 579 3460 Z
595 3404 663 3475 qnid
682 3405 830 3460 Acidaliae
850 3406 854 3474 Ι
876 3403 1070 3474 concipiantur
1089 3403 1157 3460 ΜΘ

173 3483 226 3532 397
245 3477 405 3547 pertinebat
464 3477 469 3546 Ι
490 3478 520 3532 et
536 3475 676 3601 tenuiora]
701 3477 731 3532 ct
749 3493 797 3532 ore
817 3476 843 3530 Z
864 3474 991 3532 tenuiora
1009 3473 1158 3532 Auectius

140 3549 254 3620 (abiecto
272 3551 324 3619 et),
343 3550 373 3604 et
389 3549 532 3618 seruant!
553 3548 627 3604 sicut
676 3547 714 3602 M
734 3548 767 3601 fit
782 3547 808 3603 G
830 3551 862 3602 ut
880 3547 1033 3603 Ferrarius
