2466 3958
488 207 526 220 -
574 189 713 236 XXXVIII
760 207 801 222 -·

281 332 363 403 logne
382 330 493 384 urbium
511 328 655 384 nobilium.
684 334 835 398 sequautur
854 331 889 386 ab
907 331 1036 387 Ausonio
1056 336 1165 405 aliena,

282 419 351 474 qaae
369 402 498 458 indicaui
521 399 621 455 Ueteri.
640 402 710 456 222.
738 417 759 454 e.
775 417 800 470 9.
814 401 835 468 f.
851 405 899 456 75¹
921 401 981 456 vita
999 403 1165 462 Prudentii.

282 491 342 530 eam
370 474 491 528 carmine
520 471 554 527 de
582 471 661 526 uitiis
694 475 723 525 et
749 469 901 527 uirtutibus
931 476 957 529 .i.
978 478 1166 544 praefatione

283 545 489 604 Gatianeriaou
515 543 581 612 (Per
607 541 797 612 quinquennia
824 543 881 597 iam
910 544 1009 600 decem
1039 578 1074 588 -
1104 549 1165 603 Ex-

281 618 448 685 cuciensque
467 615 521 685 piis
540 614 576 669 de
594 612 733 668 mentibus
751 612 826 669 nicia
845 617 966 684 cuncta).

204 709 253 775 De
277 711 339 776 hoc
362 710 445 774 libro
465 706 636 772 Tristanus
657 704 795 771 Chalcus
819 707 854 770 in
874 705 1025 773 Historia
1048 714 1165 793 patria

138 800 213 866 1.ss
241 800 281 866 ad
306 823 333 865 a.
358 799 422 863 379
452 795 598 881 (Graeuii
630 794 725 859 Thes.
749 795 849 879 antiq.
872 794 989 860 ltaliae
1017 797 1051 862 Π
1086 801 1164 866 139.

139 890 288 976 Argelati
302 888 318 953 I
336 913 368 974 p.
382 883 591 970 OOOXXIII)
606 884 685 969 agit.
703 905 779 949 nam
798 883 836 948 de
850 884 997 950 Ausonio
1016 887 1164 973 loquens

138 979 226 1045 dolet
249 979 391 1043 eiusdem
414 974 561 1041 libellum
589 973 628 1038 de
652 973 747 1038 claris
771 973 904 1038 urbibus
927 973 1049 1041 iniuria
1073 980 1163 1043 tcm-

138 1091 254 1153 porum
282 1066 399 1133 maiori
428 1087 466 1130 ex
493 1067 586 1148 parte
615 1062 801 1127 mutilatum
831 1066 864 1126 et
891 1062 1063 1128 dimidiata
1091 1089 1163 1152 car-

138 1158 227 1224 mina
249 1157 349 1222 fuisse
373 1154 559 1238 subditque:

208 1261 267 1317 Nos
286 1260 399 1316 uetusto
418 1258 514 1313 codice
537 1273 572 1312 ex
593 1253 734 1310 Tieinensi
753 1253 956 1310 Viceoomiium
975 1255 1164 1316 Bibliotheca

157 1332 249 1389 relato
277 1329 530 1401 redintegrauImur
559 1328 588 1381 et
614 1325 663 1380 ubi
692 1323 815 1395 quinque
847 1327 959 1381 tantum
986 1325 1163 1395 imperfecta

136 1353 324 1471 habebantur,
341 1419 393 1457 nos
412 1402 509 1456 decem
529 1400 558 1453 et
576 1400 639 1453 oete
659 1396 789 1451 absoluta
803 1396 921 1451 Vrbium
938 1397 1163 1467 Epigrammata

138 1477 323 1544 edidimus*)‚
342 1475 415 1528 inter
433 1487 506 1542 quae
525 1468 647 1540 septimo
666 1469 729 1522 loco
748 1469 792 1522 est
810 1469 920 1524 celebre
939 1468 1025 1522 illud=

208 1548 252 1602 lin
269 1549 328 1617 (icy.
345 1546 391 1616 nt)
410 1542 562 1599 Mediolani
581 1543 653 1596 mira
672 1541 780 1606 omnia,
802 1539 885 1608 eopia
902 1555 995 1594 rerum
1013 1545 1082 1596 aa·
1216 1617 1217 1628 χ

205 1635 344 1700 Chalcus
368 1639 477 1698 autem
496 1652 562 1696 non
587 1630 680 1694 Vrbes
705 1629 809 1693 solum
834 1629 889 1694 sed
909 1629 1008 1694 etiam
1027 1632 1163 1700 laedam

138 1730 262 1810 septem
291 1722 490 1806 sapientium
516 1719 592 1782 inde
624 1717 839 1800 descripserat
870 1718 1075 1804 Vgolctoque
1106 1724 1162 1788 de
1216 1775 1217 1816 ¹

137 1815 239 1878 derat.
281 1810 441 1896 Vgoletus
466 1807 565 1870 etiam
588 1804 768 1890 Periocha,
793 1829 872 1891 quas
897 1828 935 1871 ex
959 1810 1073 1875 eodem
1098 1820 1162 1878 aut

138 1902 238 1966 simili
261 1899 370 1965 codice
389 1895 570 1978 descriptas
589 1893 777 1978 possidebat
795 1895 953 1961 Achaiae
970 1897 1163 1988 Beracrias,
1216 1886 1217 1939 l

137 2011 214 2054 usus
239 1989 346 2052 estin
370 1984 557 2051 adornanda
580 1983 719 2048 editione
745 1982 870 2072 sua.**)

205 2077 359 2142 Pleniora
390 2094 488 2158 quam
519 2071 679 2157 Vgoletus
711 2094 793 2156 quae
826 2075 861 2137 in
893 2070 1042 2140 Parisino
1077 2085 1162 2144 sunt

139 2164 357 2248 Hieronymus
400 2162 562 2226 Auentius
604 2161 736 2246 habuit,
776 2183 849 2227 eum
886 2165 1003 2228 iterum
1045 2165 1162 2232 ederet

139 2255 322 2318 Ausonium
345 2274 373 2316 a.
399 2250 498 2332 1507,
521 2271 588 2314 non
610 2253 722 2315 tanim
745 2249 853 2333 ipsum
877 2250 1070 2336 Parisinum,
1097 2258 1158 2321 sed

140 2343 356 2427 antiquiorem
380 2339 521 2405 codicem
546 2338 702 2404 adhibuit.

206 2429 370 2495 'Iicinensi
393 2427 506 2494 statim
529 2428 670 2512 adiungo
695 2428 813 2493 librum

96 2541 117 2594 a
205 2515 580 2605 atramentaria
608 2517 819 2582 Harleiaaam
846 2522 932 2584 2613
959 2518 1069 2602 chart,
1099 2523 1159 2606 qui

139 2608 224 2672 unde
242 2607 369 2671 uenerit
387 2606 422 2671 in
441 2606 604 2692 Angliam‚
623 2628 688 2672 non
711 2606 821 2690 liquet.
862 2607 895 2672 in
914 2609 1020 2691 primo
1042 2613 1156 2676 tamen

26 2711 36 2720 '
138 2697 218 2762 folio
243 2696 375 2781 legitur:
398 2683 460 2780 „Q
478 2696 522 2761 20
545 2695 595 2760 die
618 2695 765 2762 Januarii
791 2694 956 2781 wallari

137 2801 158 2867 s.
193 2805 227 2856 1ιι
247 2800 427 2868 Prosopopea
444 2798 474 2854 in
493 2801 620 2854 chartam
637 2799 718 2855 Decii
736 2799 853 2856 Ausonii
1091 2803 1157 2877 [34]

246 2872 300 2925 iac.
321 2869 351 2924 Si
369 2869 460 2924 tineas
480 2871 637 2940 cariemque
657 2872 718 2941 pati
736 2875 764 2926 te
784 2871 882 2928 charta
900 2889 1013 2928 necesse
1034 2874 1089 2928 est:

247 2942 317 3010 capi.
336 2939 449 3011 Depulo
468 2941 527 2996 siue
546 2943 696 3068 leffiantisque
715 2941 799 2998 dabo:
820 2943 879 2998 siue
897 2945 985 3014 tegat.

228 3191 254 3260 *)
274 3191 334 3246 scil.
352 3189 382 3244 in
400 3187 523 3244 editione
543 3190 657 3245 Ausonii
676 3191 843 3261 Vgoletana.

211 3261 254 3330 **)
273 3259 422 3316 Acoursius
442 3259 472 3313 in
488 3259 629 3316 Perioehis
644 3259 807 3331 apographo
821 3279 887 3316 usus
907 3266 951 3319 eet
970 3265 1155 3334 accuratiore,

140 3348 225 3401 quam
249 3333 324 3402 quod
348 3330 484 3402 Vgoletus
508 3348 525 3386 a
548 3331 681 3388 Bernerio
704 3338 865 3403 acceperat,
893 3335 942 3390 sed
965 3335 1070 3405 passim
1095 3353 1156 3390 cor-

140 3403 218 3458 recto
238 3405 274 3458 ab
293 3402 406 3456 homine
425 3402 522 3470 docto,
546 3403 639 3458 neseio
663 3419 699 3456 an
721 3403 783 3472 ipso
802 3402 947 3470 decursio,
967 3407 1016 3474 qui
1035 3406 1092 3461 suis
1110 3407 1155 3462 in-

141 3473 320 3530 centionibus
349 3471 411 3542 plus
441 3473 615 3527 auctoritatis
648 3473 830 3528 adiuncturus
863 3475 892 3530 in
919 3475 999 3530 libris
1031 3479 1155 3535 uetustis

140 3543 258 3613 scriptas
277 3542 362 3597 fuisse
380 3541 450 3597 istas
470 3545 641 3597 correcturas
661 3543 775 3598 diceret.
