2532 3954
520 201 564 210 ...
609 164 738 236 34..

124 322 246 409 Magna
269 325 320 388 oui
345 326 378 388 et
400 323 510 388 uariae
534 324 682 409 quaesita
704 323 841 408 pecunia
865 325 962 390 sortis

169 412 305 477 Heredis
328 413 418 477 nullo
442 413 572 477 nomine
594 417 666 479 tuta
688 413 782 497 perit.

124 501 252 585 Raptus
277 502 363 567 enim
385 501 481 566 laetis
504 506 538 566 et
561 502 665 567 adhuc
689 501 880 567 florentibus
904 503 998 568 annis
1129 523 1149 571 5

169 590 273 656 Trans
297 612 385 655 mare
409 594 442 655 et
464 591 588 676 ignaris
613 589 770 656 fratribus
794 591 940 675 oppetiit

124 678 227 744 Iulius
251 679 285 743 in
309 680 443 766 longam
465 679 617 764 produxit
639 679 709 744 fata
732 683 909 764 senectam,

170 767 325 834 Adfectus
349 768 475 833 damnis
497 769 797 833 innumerabilibus.

127 856 190 934 Qui
212 858 314 922 comis
337 857 541 942 blandusque
565 861 597 921 et
619 879 733 923 mensa
755 857 941 923 commodus
965 860 1065 923 uncta

169 945 312 1011 Heredes
337 946 408 1011 solo
431 947 561 1011 nomine
585 967 645 1011 nos
669 946 793 1011 habuit.
1110 963 1145 1013 10
1260 999 1261 1004 1

125 1034 233 1099 Ambo
256 1035 315 1118 pii,
339 1035 433 1099 uultu
456 1035 591 1114 similes,
616 1035 688 1102 ioca
711 1036 796 1100 seria
818 1035 926 1119 mixti,

171 1123 255 1187 Aeui
277 1122 443 1187 fortunam
466 1145 532 1188 non
554 1123 696 1189 habuere
719 1146 840 1208 parem.

126 1211 267 1276 Discreti
290 1233 487 1296 quamquam
508 1213 646 1278 tumulis
669 1213 849 1278 ethonore
872 1213 1002 1298 lucetis,

171 1298 348 1365 Commune
370 1301 433 1366 hoc
455 1301 549 1366 uobis
573 1323 691 1369 munus
714 1301 846 1366 habete:
870 1302 953 1372 uale.

73 1511 128 1564 [rou]
227 1490 301 1548 VIII.
328 1490 506 1548 ATTVSIVS
525 1491 696 1550 LVOANVS
713 1492 879 1550 TALISIVS
899 1491 1023 1550 SOCER.

126 1601 189 1676 Qui
211 1623 360 1685 proceres
384 1605 588 1687 ueteremque
612 1603 701 1668 uolet
723 1604 886 1669 celebrare
910 1607 1060 1668 sonatum

171 1688 330 1775 Olaraque
355 1691 395 1754 ab
419 1694 534 1756 exortu
558 1694 732 1757 stemmata
755 1692 964 1778 Burdigalae,

126 1777 234 1862 Teque
257 1781 413 1863 tuumque
436 1800 538 1864 genus
561 1784 732 1864 memoret,
754 1780 884 1846 Lucane
908 1781 1026 1864 Talisi,

170 1866 318 1932 Moribus
341 1869 466 1932 ornasti
489 1869 544 1954 qui
566 1873 692 1934 ueteres
715 1892 865 1954 proauos.

125 1955 265 2020 Pulcher
287 1956 409 2022 honore
433 1958 512 2041 oris,
534 1958 713 2044 tranquillo
735 1962 868 2043 pectore
892 1958 1006 2041 comis,
1127 1976 1142 2024 5
1260 1953 1261 2032 Ϊ

170 2044 321 2110 Facundo
346 2047 494 2130 quamuis
517 2047 622 2111 maior
645 2048 685 2112 ab
708 2047 855 2132 ingenio:

125 2131 256 2199 Venatu
279 2136 313 2198 et
335 2134 419 2198 ruris
442 2135 532 2200 cultu
554 2135 724 2221 uictusque
747 2137 854 2201 nitore

171 2221 273 2287 Omne
297 2244 412 2287 aeuum
435 2245 608 2308 peragens,
629 2224 761 2309 publiea
783 2224 975 2310 despiciens:

125 2310 157 2376 N
160 2311 227 2376 osci
249 2311 335 2376 inter
356 2313 481 2396 primos
504 2313 649 2397 cupiens,
671 2313 763 2398 prior
786 2336 856 2378 esse
880 2336 1048 2398 recusans,

171 2399 245 2484 Ipse
268 2403 325 2465 tuo
349 2401 463 2465 uiuens
487 2423 642 2487 segregus
665 2403 813 2468 arbitrio.
1110 2420 1143 2468 10

126 2488 270 2574 Optabas
293 2492 331 2553 tu
353 2511 404 2554 me
428 2510 583 2575 generum
606 2491 740 2555 florente
763 2493 909 2556 iuuenta:

170 2577 291 2662 Optare
315 2578 377 2644 hoc
399 2582 541 2662 tantum,
564 2601 629 2646 nou
653 2584 687 2644 et
708 2580 828 2646 habere
852 2581 972 2646 datum.

126 2665 213 2730 Vota
236 2667 377 2751 probant
401 2669 509 2753 superi
532 2669 721 2753 meritisque
744 2669 891 2736 fauentia
914 2669 1035 2735 sanctis

170 2754 303 2840 Inplent
325 2756 406 2840 fata,
429 2757 492 2821 uiri
515 2759 600 2842 quod
624 2760 754 2824 uoluere
776 2759 863 2826 boui.

126 2841 171 2908 Et
193 2863 278 2908 nunc
301 2846 449 2929 perpetui
472 2847 573 2911 sentis
597 2848 657 2912 sub
682 2848 805 2913 honore
828 2848 981 2933 sepulcri,
1109 2863 1142 2912 15
1260 2919 1261 2944 ,

172 2931 276 3006 Quem
299 2955 450 2999 reuerens
473 2940 569 3000 natae
594 2958 754 3021 quamque
776 2937 826 3001 tui
849 2957 1007 3001 maneam.

198 3090 324 3145 lenedis
349 3090 407 3160 V¹l
427 3093 502 3164 tute]
522 3095 607 3148 cauta
626 3094 726 3162 Peiper
798 3093 905 3148 oaduc
930 3092 966 3147 V¹
1039 3093 1143 3149 Saffo·
1260 3153 1261 3176 ,

127 3163 188 3216 ctus
212 3163 266 3230 Vl
295 3163 545 3219 innumeruuilibus
572 3165 609 3219 V¹
683 3171 715 3219 10
737 3166 842 3220 Ercdes
873 3165 899 3219 V
970 3169 1002 3218 12
1026 3164 1143 3221 habuere

127 3233 173 3299 (ul.
191 3235 209 3287 h
227 3239 253 3289 et
272 3251 286 3288 e
305 3237 342 3304 es)
367 3234 393 3288 V
456 3243 488 3290 13
508 3251 592 3290 onore
617 3236 655 3290 V²
720 3242 753 3290 14
772 3237 853 3292 uobis
872 3235 932 3304 (ub)
951 3237 995 3290 uel
1013 3241 1143 3292 nostrum

128 3305 197 3374 (rm)
218 3306 317 3375 Peiper
341 3306 421 3360 uerui
445 3307 480 3359 V1
502 3309 506 3375 l
531 3306 612 3361 ubete
637 3308 664 3362 V

199 3393 265 3448 VIII
283 3399 298 3449 5
313 3395 410 3464 pulcer
423 3394 451 3448 V
501 3401 517 3449 6
531 3396 660 3465 quamuis
675 3397 749 3466 (olim
760 3412 814 3466 que
825 3395 906 3464 uluis)
916 3395 1016 3466 Perper
1035 3395 1107 3451 ciuis
1120 3395 1148 3450 V

164 3468 196 3518 11
217 3464 336 3520 obtabas
359 3465 402 3533 Vl
422 3466 537 3522 iubente
556 3466 583 3520 V
636 3473 668 3521 12
688 3468 785 3522 obtare
805 3468 848 3538 Vl
869 3468 953 3523 abere
976 3466 1003 3522 V
1048 3474 1082 3522 13
1102 3467 1143 3522 fa-

127 3533 225 3601 bentiu
241 3533 269 3589 V
339 3541 372 3590 16
391 3537 514 3592 referens
539 3536 566 3589 V
581 3553 650 3594 corr.
666 3539 795 3608 Lupduu.
