2466 3958
514 229 556 239 ··-
602 212 687 259 LVIII
737 229 773 240 -

142 352 239 416 istam
263 353 476 436 continuauit‚
499 352 540 417 ad
564 375 591 416 a.
613 353 712 418 1132:
741 352 831 417 addit
854 354 937 417 enim
963 374 993 435 p.
1014 353 1096 437 143,
1115 353 1158 418 10

142 441 272 595 Μθῗζιω
293 526 367 580 secus
385 526 523 582 Ausonius
542 527 612 582 eres
630 527 716 598 [nos.
737 528 815 598 eq]

284 598 417 666 aequauit
434 597 529 681 Latias
548 597 657 680 (infelix
675 597 749 654 010⁸
763 600 838 668 add.)
858 596 953 652 Gallia
971 597 1083 653 Cannas

283 668 454 738 infletaeque
472 672 567 724 secent
586 685 684 738 inopes
703 686 787 738 super
805 686 873 723 arua
893 669 1036 726 colonos.“

141 759 198 824 ubi
226 782 296 825 cum
327 759 509 842 Iuslecthue
536 759 657 824 habeat
684 760 784 826 codex
812 761 846 844 6,
876 781 948 824 cum
978 760 1157 846 Reginensi

141 848 224 912 libro
249 851 423 933 cognatum
447 849 531 913 hunc
554 847 779 914 Treuirensem
803 849 904 913 fuisse
928 849 1113 933 suspiceris.

208 936 377 1002 Mosellam
401 959 473 1001 cum
498 937 615 1003 ultimo
637 959 734 1002 uersu
758 942 791 1002 et
811 938 913 1003 Rosos
934 937 1155 1022 Hieronymus

142 1025 302 1090 Aleander
324 1026 357 1089 in
382 1030 510 1090 uetusto
534 1026 643 1091 codice
671 1027 740 1091 titt.
763 1028 831 1091 diui
859 1027 990 1091 Victoris
1016 1027 1051 1090 in
1081 1029 1157 1092 sub-

141 1115 234 1180 urbio
257 1114 390 1179 Parisiis
413 1116 576 1179 inuenisse
601 1138 634 1179 se
658 1114 738 1180 dicit
761 1115 794 1179 in
815 1114 953 1180 schediis
978 1116 1157 1198 exemplari

142 1201 287 1267 Iuntinae
312 1203 473 1287 editionis,
497 1203 581 1286 quod
604 1203 750 1288 possidet
773 1202 992 1287 Schenkelius‚
1017 1204 1157 1290 adgluti-

140 1291 228 1356 natis
252 1287 407 1377 (Schenkl
431 1315 462 1376 p.
479 1289 681 1379 XXXVI).*)

208 1379 239 1444 V
262 1377 448 1446 Caesares
473 1381 548 1446 soli:

101 1486 129 1536 Σ
206 1468 526 1551 acquiescentes.
540 1467 605 1534 XII
619 1470 672 1534 nel
688 1489 712 1534 s.
727 1468 815 1550 XJXI
831 1465 1021 1555 (Baehrens,
1034 1469 1058 1535 J
1059 1491 1156 1535 enaer

141 1555 194 1621 LZ
215 1559 301 1623 1874
320 1581 350 1623 n.
366 1557 434 1642 24).
467 1559 553 1623 solos
569 1556 724 1622 Caesares
740 1564 773 1622 et
787 1562 876 1624 totos
897 1558 1027 1642 quidem
1046 1559 1157 1623 habet.

140 1646 201 1711 hoc
238 1667 339 1729 genus
373 1647 535 1711 artissime
572 1647 780 1711 coniunctum
816 1650 866 1711 est
903 1669 975 1710 cum
1016 1649 1156 1732 utroque

141 1738 174 1797 et
196 1734 230 1798 B
249 1737 282 1798 et
299 1734 331 1799 P
351 1733 515 1818 (lacunam
533 1734 633 1798 habet
656 1737 783 1799 tetrast.
807 1737 850 1800 23
869 1755 942 1800 curn
961 1735 995 1800 B
1015 1740 1048 1800 et
1073 1737 1156 1802 liber

141 1826 190 1887 est
213 1822 481 1907 interpolatione,
504 1845 598 1903 quam
621 1823 668 1887 ibi
690 1824 723 1888 P
743 1827 793 1888 est
815 1823 954 1908 passus).

96 1925 124 1979 R
209 1917 367 1996 cognatus
387 1919 436 1976 est
454 1913 486 1976 R
501 1943 542 1965 =
557 1912 661 1978 Puris.
677 1917 771 1997 9347,
790 1913 869 1978 olim
885 1911 1049 1996 Sitemigii
1065 1913 1155 1978 Rem.

141 1999 338 2081 (Schenlrelii
363 1997 392 2086 ζ)
416 2023 440 2065 s.
460 2000 568 2084 VIIII,
592 2002 646 2085 qui
668 2001 690 2064 f.
709 2002 750 2066 57
777 2001 983 2066 monosticha
1006 2002 1079 2067 sola
1104 2025 1157 2068 ex-

140 2089 233 2153 hibet
256 2090 325 2153 sine
348 2090 573 2173 inscriptione:
601 2091 767 2175 conspirat
790 2112 862 2156 cum
886 2087 1023 2175 ΡΣ.**)

213 2281 239 2350 *)
260 2282 362 2334 Verum
376 2281 517 2336 enimuero
533 2282 744 2350 accersendum,
777 2283 834 2337 uod
849 2283 918 2337 dicit
931 2282 1092 2350 Accursius,
1111 2284 1158 2338 cui

141 2352 235 2408 nullus
258 2352 391 2407 Mosellae
413 2350 485 2406 liber
506 2357 619 2422 praesto
643 2355 716 2408 erat:
745 2392 761 2421 ‚‚
789 2352 881 2408 usonii
905 2353 982 2418 sunt,
1006 2354 1062 2422 ait,
1081 2369 1157 2423 quaa

141 2423 228 2493 uulgo
246 2421 367 2492 Virgilio
382 2424 579 2478 adscribuntur
594 2425 681 2495 epigr.
701 2425 736 2479 de
755 2424 895 2480 aetatibus
911 2424 1085 2493 animalium,
1106 2425 1158 2480 Vir

141 2496 238 2561 bonus,
253 2494 352 2563 Rosea,
367 2493 419 2548 Est
432 2496 461 2548 et
475 2495 538 2550 Non
554 2536 560 2548 .
577 2539 582 2550 .
600 2539 605 2550 .
621 2497 691 2551 haec
707 2495 823 2550 Ausonii
837 2497 914 2550 lusus
929 2512 999 2562 esse,
1018 2513 1075 2550 non
1090 2496 1157 2552 Vir-

142 2563 218 2635 gilii,
238 2566 397 2634 fragmenta
421 2566 557 2633 quaedam
581 2566 831 2637 Longobardorum
854 2567 1020 2635 quandoque
1039 2567 1159 2623 charac-
1223 2587 1224 2655 p

141 2636 247 2690 teribus
274 2636 357 2690 fidem
385 2636 505 2705 faciunt,
533 2655 650 2706 quorum
672 2637 839 2708 inspiciendi
863 2637 911 2692 sed
934 2639 964 2692 et
986 2637 1158 2708 inuulgandi

140 2705 359 2776 publicandique
368 2707 439 2761 mihi
448 2709 613 2764 facultatem
623 2709 693 2764 fecit
701 2707 887 2776 Hieronymus
899 2708 976 2763 idem
985 2707 1157 2764 aleenderf‘

140 2781 200 2832 lam
225 2794 287 2832 cum
312 2779 378 2832 talis
402 2778 535 2834 Mosellae
560 2778 632 2835 liber
654 2797 766 2851 prorsus
791 2779 828 2834 sit
849 2779 963 2848 ignotus
980 2795 1071 2848 neque
1092 2783 1159 2850 post

140 2851 268 2918 tempora
286 2847 419 2904 Aleandri
436 2849 577 2906 interiissc
598 2850 636 2906 sit
653 2850 816 2920 credendus,
836 2849 991 2920 scripturae
1010 2852 1106 2906 autem
1126 2851 1157 2904 in

140 2919 267 2987 Mosella,
287 2935 355 2989 quas
375 2920 490 2975 exhibet
507 2922 681 2976 Ascensians
700 2921 796 2991 editio,
815 2921 965 2976 maximam
985 2938 1049 2976 cnm
1068 2920 1157 2978 sasl-
1222 2940 1223 3004 p

140 2989 213 3045 lensi
231 2990 303 3045 libro
322 2991 533 3046 similitudinem
553 3009 620 3062 prae
640 3009 669 3047 se
688 2993 790 3059 ferant,
810 3009 902 3048 errore
920 2993 1043 3062 quodam
1058 2993 1156 3048 Victo-

139 3062 250 3116 rianum
268 3061 401 3117 Mosellae
421 3064 545 3117 codicem
564 3069 663 3118 natum
681 3063 822 3134 suspicor,
845 3063 893 3132 qui
915 3063 1023 3118 minora
1042 3065 1155 3119 tantum

139 3134 195 3188 ista
213 3133 337 3187 carmina
356 3133 495 3188 habuerit.

193 3203 234 3274 **)
254 3205 369 3273 cognati
387 3208 453 3258 sunt
469 3205 536 3258 libri
560 3206 588 3259 Y
604 3204 776 3275 (Schenkclii
795 3206 876 3273 geel:

93 3271 123 3327 Y
211 3275 378 3331 Mullicensis
396 3294 416 3330 s.
438 3273 478 3328 XI
496 3274 516 3329 f.
532 3281 601 3330 221u
619 3274 785 3331 Caesares
803 3279 946 3331 monost.
966 3277 1000 3330 et
1017 3277 1154 3332 tetrast.
1221 3314 1222 3353 p

140 3364 167 3400 u.
189 3352 201 3400 1
223 3347 253 3400 et
271 3353 299 3414 2,
320 3347 337 3403 l.
357 3352 422 3400 222¹
440 3347 474 3402 de
494 3347 545 3402 XII
564 3346 713 3402 uirtutibus
731 3347 869 3402 Herculis.
899 3348 1051 3416 sequuntur
1066 3347 1155 3402 Culex

140 3416 225 3540 Dirlac
234 3416 322 3544 thpa
340 3419 430 3473 Rcsae
450 3418 496 3488 (cf.
515 3417 611 3473 Melet.
631 3415 753 3472 Vindob.
773 3418 785 3470 Ι
803 3423 838 3472 64
848 3420 908 3486 sq).
937 3419 1155 3474 monosticha

142 3504 216 3542 soa
255 3492 340 3544 aent

213 3560 339 3614 Braaell.
359 3563 448 3616 10021
469 3577 490 3616 s.
509 3559 588 3614 XIIII
606 3576 648 3614 ex.
668 3558 801 3612 adiuncta
820 3557 928 3613 Sidonii
947 3559 1132 3652 carminibus3

180 3836 673 3928 m
