2540 3962
500 183 745 248 ...244-

113 347 207 414 Ostia
230 348 309 431 quot
329 364 390 429 pro
412 345 504 427 parte
528 343 633 426 aperit
655 341 829 407 stridentia
851 343 956 408 circus

157 436 321 519 Excepto,
342 432 485 496 medium
508 432 594 515 quod
616 435 709 517 patet
732 431 773 495 ad
797 430 953 516 stadium3

113 525 200 602 Quot
222 523 359 610 pedibus
382 521 574 606 gradiuntur
596 542 674 604 apes
697 523 731 584 et
752 541 867 585 uersus
889 517 1026 586 Homeri

157 613 306 697 Quotque
328 611 418 676 horis
441 609 580 694 pelagus
602 607 736 692 profluit
758 612 815 674 aut
837 609 961 693 refluit3

113 701 258 769 Protulit
280 701 314 765 in
337 720 488 765 scaenam
512 701 592 783 quot
614 702 761 762 dramata
782 698 990 781 fabellarum,
1100 715 1135 764 15

158 790 316 856 Arcadiae
340 787 446 852 medio
470 789 526 872 qui
548 788 632 852 iacet
654 786 689 851 in
711 787 851 872 gremio,

112 879 178 945 Vel
200 881 280 963 quot
301 879 466 942 iuncturas
491 875 688 961 geometrica
710 877 819 941 forma
840 875 992 940 fauorum

159 966 312 1033 Conserit
335 965 489 1030 extremis
513 964 664 1029 omnibus
688 968 722 1029 et
744 965 873 1050 mediis;

116 1057 204 1135 Quot
226 1056 324 1121 telios
346 1055 472 1140 primus
494 1075 649 1119 numerus
673 1054 827 1138 solusque
848 1054 1019 1140 probatur;

160 1145 248 1222 Quot
270 1166 331 1227 par
354 1147 449 1225 atque
472 1143 578 1227 impar
600 1143 750 1227 partibus
774 1145 975 1229 aequiperat,
1098 1159 1135 1211 20

115 1232 174 1298 Bis
197 1237 307 1297 ternos
331 1235 364 1296 et
386 1237 438 1296 ter
459 1231 554 1298 binos
577 1232 634 1316 qui
656 1233 799 1297 conserit
821 1255 918 1316 unus,

161 1321 223 1399 Qui
247 1323 336 1386 solus
358 1321 498 1385 totidem·
520 1322 765 1406 congeminatus
788 1323 901 1405 habet3

117 1410 205 1488 Quot
227 1409 354 1475 faciunt
376 1410 478 1474 iuncti
501 1411 677 1494 subterque
700 1431 861 1494 supraque
884 1411 998 1495 looati;

160 1499 224 1576 Qui
247 1503 421 1564 numerant
443 1496 577 1583 Hyadas
600 1498 816 1583 Pleiadasque
840 1499 946 1565 simul

159 1675 278 1741 Vrsule
302 1676 429 1761 collega
449 1675 571 1741 nobilis
593 1675 789 1760 flamonio,

115 1764 310 1849 Harmonio,
342 1787 437 1849 quem
464 1763 637 1845 Claranus,
665 1787 760 1849 quem
788 1763 927 1831 Scaurus
956 1769 989 1830 et
1017 1765 1134 1852 Asper,

161 1852 265 1929 Quem
289 1853 353 1918 sibi
376 1853 539 1918 conferret
561 1851 669 1918 Varro
692 1855 846 1939 priorque
870 1855 981 1920 Crates

118 1942 243 2026 Quique
267 1943 350 2007 sacri
373 1943 515 2007 lacerum
539 1942 674 2027 collegit
696 1963 815 2027 corpus
837 1943 974 2009 Homeri

161 2030 287 2115 Quique
309 2035 405 2096 notes
430 2031 548 2117 spuriis
571 2031 719 2097 uersibus
743 2033 907 2117 adposuit:
1099 2049 1134 2098 30

118 2117 294 2204 Cecropiae
317 2141 488 2185 commune
511 2119 607 2185 decus
629 2119 807 2206 Latiaeque
831 2143 998 2207 camenae,

162 2206 257 2274 Solus
281 2209 335 2291 qui
357 2207 475 2274 Ohium
498 2209 614 2274 miscet
636 2214 669 2273 et
691 2209 910 2277 Ammineum.

115 2371 330 2380 -ffl

190 2480 222 2528 16
241 2472 367 2529 Terentii
388 2473 462 2527 uita:
486 2473 572 2528 ceteri
594 2476 736 2528 mortuum
760 2489 821 2528 esse
844 2474 875 2528 in
897 2472 1020 2528 1888118
1042 2433 1135 2541 Stym-

115 2543 197 2614 phali
216 2543 292 2616 [sinu
309 2543 479 2616 Leucadiae]
496 2544 619 2602 trudunt.
649 2543 773 2612 (Sueton.
793 2546 828 2599 de
845 2545 914 2600 uiris
930 2544 973 2600 ill.
987 2549 1086 2614 8191,
1102 2550 1135 2599 10

117 2615 222 2741 &thil
242 2685 325 2740 Mart.
344 2685 370 2739 X
388 2692 437 2754 21,
457 2692 507 2741 18.
531 2702 604 2755 quae
626 2685 675 2740 uix
695 2685 845 2757 intellegat
863 2686 924 2756 ipse
943 2685 1087 2742 Modestus
1107 2690 1137 2742 81

117 2757 165 2812 uix
184 2755 327 2811 01888888.
798 2795 803 2802 -

189 2834 223 2882 32
243 2828 278 2883 81.
298 2827 465 2884 Aristoteles
484 2845 529 2899 ap.
549 2828 670 2885 Gellium
690 2827 756 2882 XIII
770 2833 795 2896 5,
812 2832 907 2885 7—10.

192 3065 223 3113 11
242 3059 336 3114 hostia
356 3058 382 3112 Τ
434 3065 468 3115 11
486 3059 614 3130 protinus
633 3060 671 3114 M
682 3062 687 3129 l
703 3075 833 3115 scoenam
849 3058 876 3113 G
895 3076 978 3115 scena
992 3059 1036 3130 ΤΙ
1052 3057 1136 3129 drug-

117 3132 195 3186 88818
215 3130 241 3184 Τ
307 3134 340 3186 16
359 3130 509 3185 archadius
529 3130 596 3185 ΤΜ
660 3137 694 3186 18
712 3131 754 3203 81]
773 3134 823 3187 881
842 3130 869 3185 T
928 3137 961 3186 19
982 3130 1052 3185 81188
1073 3130 1141 3184 ΤΜ

154 3202 304 3270 1081888]
323 3203 373 3256 aut
390 3203 444 3273 Μ]
461 3202 627 3271 aequiparat
644 3203 683 3257 M
751 3209 785 3257 21
806 3201 868 3273 881]
887 3204 954 3269 8818
973 3202 1028 3257 To
1100 3207 1136 3256 23

120 3273 282 3344 subterque]
303 3290 357 3343 que
375 3291 425 3329 om.
446 3272 502 3327 Τ·
558 3277 593 3327 24
620 3274 750 3329 numerat
767 3273 884 3330 baiadus
903 3275 941 3329 Μ
1022 3277 1136 3329 1588-

119 3359 188 3398 cuus
210 3361 326 3400 ceramo
343 3346 376 3399 ia
396 3344 451 3399 Tc
474 3345 517 3415 (iu
538 3361 624 3416 morp.
639 3361 685 3414 pr.
708 3362 743 3400 m.
766 3347 834 3400 mm.
858 3345 938 3400 deest
956 3344 1005 3414 Τ),
1028 3345 1138 3399 nullam

118 3416 241 3483 spatium
258 3416 296 3469 M
366 3415 524 3471 88811888
542 3417 760 3471 811811188881
778 3414 954 3472 8888818186
1025 3414 1137 3469 2718-

119 3501 203 3539 88888
223 3486 250 3538 Ζ
266 3501 336 3545 corr.
356 3488 499 3543 Acontius
552 3491 587 3541 28
606 3490 700 3556 grates
716 3487 742 3541 Z
759 3503 826 3543 corr.
851 3486 977 3557 78818188
1030 3491 1066 3540 30
1086 3501 1135 3557 ap-

118 3554 215 3624 posuit
234 3556 260 3610 Z
312 3563 346 3612 31
366 3575 483 3615 comune
502 3557 715 3628 Glcamoenae
730 3558 756 3612 Τ
803 3565 920 3630 888131
939 3557 1141 3613 8818881111

1037 3856 1181 3933 Q
