<?xml version="1.0" encoding="UTF-8"?>
<!DOCTYPE html PUBLIC "-//W3C//DTD XHTML 1.0 Transitional//EN"
    "http://www.w3.org/TR/xhtml1/DTD/xhtml1-transitional.dtd">
<html xmlns="http://www.w3.org/1999/xhtml" xml:lang="en" lang="en">
 <head>
  <title>
</title>
<meta http-equiv="Content-Type" content="text/html;charset=utf-8" />
  <meta name='ocr-system' content='tesseract 3.04.00' />
  <meta name='ocr-capabilities' content='ocr_page ocr_carea ocr_par ocr_line ocrx_word'/>
</head>
<body>
  <div class='ocr_page' id='page_1' title='image "./decimimagniavso01ausogoog_0015.png"; bbox 0 0 2466 3958; ppageno 0'>
   <div class='ocr_carea' id='block_1_1' title="bbox 500 179 739 227">
    <p class='ocr_par' dir='ltr' id='par_1_1' title="bbox 500 179 739 227">
     <span class='ocr_line' id='line_1_1' title="bbox 500 179 739 227; baseline -0.004 0"><span class='ocrx_word' id='word_1_1' title='bbox 500 197 537 208; x_wconf 91' lang='lat'>·-</span> <span class='ocrx_word' id='word_1_2' title='bbox 585 179 649 227; x_wconf 90' lang='lat' dir='ltr'>VIII</span> <span class='ocrx_word' id='word_1_3' title='bbox 694 197 739 208; x_wconf 88' lang='lat'>··</span> 
     </span>
    </p>
   </div>
   <div class='ocr_carea' id='block_1_2' title="bbox 38 319 1127 2443">
    <p class='ocr_par' dir='ltr' id='par_1_2' title="bbox 110 319 1125 476">
     <span class='ocr_line' id='line_1_2' title="bbox 111 319 1125 405; baseline 0.003 -19"><span class='ocrx_word' id='word_1_4' title='bbox 111 319 415 386; x_wconf 88' lang='lat' dir='ltr'>commendaticium</span> <span class='ocrx_word' id='word_1_5' title='bbox 431 341 560 386; x_wconf 88' lang='lat' dir='ltr'>carmen</span> <span class='ocrx_word' id='word_1_6' title='bbox 579 321 710 386; x_wconf 92' lang='lat' dir='ltr'>tertium</span> <span class='ocrx_word' id='word_1_7' title='bbox 724 320 849 386; x_wconf 89' lang='lat' dir='ltr'>nullum</span> <span class='ocrx_word' id='word_1_8' title='bbox 867 323 965 405; x_wconf 83' lang='lat' dir='ltr'>extat,</span> <span class='ocrx_word' id='word_1_9' title='bbox 984 321 1125 389; x_wconf 75' lang='lat' dir='ltr'>dilucide</span> 
     </span>
     <span class='ocr_line' id='line_1_3' title="bbox 110 409 322 476; baseline 0.009 -3"><span class='ocrx_word' id='word_1_10' title='bbox 110 409 322 476; x_wconf 88' lang='lat' dir='ltr'>demonstrat.</span> 
     </span>
    </p>

    <p class='ocr_par' dir='ltr' id='par_1_3' title="bbox 111 497 1126 1203">
     <span class='ocr_line' id='line_1_4' title="bbox 178 497 1125 573; baseline 0.004 -11"><span class='ocrx_word' id='word_1_11' title='bbox 178 497 271 563; x_wconf 89' lang='lat' dir='ltr'>Hanc</span> <span class='ocrx_word' id='word_1_12' title='bbox 300 501 409 564; x_wconf 87' lang='lat' dir='ltr'>autem</span> <span class='ocrx_word' id='word_1_13' title='bbox 440 497 671 562; x_wconf 75' lang='lat' dir='ltr'>conlectionem</span> <span class='ocrx_word' id='word_1_14' title='bbox 702 497 751 562; x_wconf 89' lang='lat' dir='ltr'>ita</span> <span class='ocrx_word' id='word_1_15' title='bbox 783 497 965 562; x_wconf 75' lang='lat' dir='ltr'>instituisse</span> <span class='ocrx_word' id='word_1_16' title='bbox 995 499 1125 573; x_wconf 88' lang='lat' dir='ltr'>uidetur</span> 
     </span>
     <span class='ocr_line' id='line_1_5' title="bbox 111 585 1124 672; baseline 0.002 -20"><span class='ocrx_word' id='word_1_17' title='bbox 111 590 233 670; x_wconf 85' lang='lat' dir='ltr'>auctor,</span> <span class='ocrx_word' id='word_1_18' title='bbox 252 590 288 651; x_wconf 88' lang='lat' dir='ltr'>ut</span> <span class='ocrx_word' id='word_1_19' title='bbox 306 585 448 672; x_wconf 88' lang='lat' dir='ltr'>primum</span> <span class='ocrx_word' id='word_1_20' title='bbox 463 605 580 671; x_wconf 81' lang='lat' dir='ltr'>agmen</span> <span class='ocrx_word' id='word_1_21' title='bbox 594 589 791 669; x_wconf 84' lang='lat' dir='ltr'>conponeret</span> <span class='ocrx_word' id='word_1_22' title='bbox 804 606 843 650; x_wconf 86' lang='lat' dir='ltr'>ex</span> <span class='ocrx_word' id='word_1_23' title='bbox 856 586 1025 670; x_wconf 89' lang='lat' dir='ltr'>poematis,</span> <span class='ocrx_word' id='word_1_24' title='bbox 1042 610 1124 672; x_wconf 90' lang='lat' dir='ltr'>quae</span> 
     </span>
     <span class='ocr_line' id='line_1_6' title="bbox 112 673 1125 759; baseline 0.002 -19"><span class='ocrx_word' id='word_1_25' title='bbox 112 675 151 740; x_wconf 92' lang='lat' dir='ltr'>de</span> <span class='ocrx_word' id='word_1_26' title='bbox 183 697 217 740; x_wconf 81' lang='lat' dir='ltr'>se</span> <span class='ocrx_word' id='word_1_27' title='bbox 248 675 380 759; x_wconf 90' lang='lat' dir='ltr'>suisque</span> <span class='ocrx_word' id='word_1_28' title='bbox 409 674 507 740; x_wconf 90' lang='lat' dir='ltr'>rebus</span> <span class='ocrx_word' id='word_1_29' title='bbox 540 673 674 758; x_wconf 83' lang='lat' dir='ltr'>feceret,</span> <span class='ocrx_word' id='word_1_30' title='bbox 704 673 845 738; x_wconf 92' lang='lat' dir='ltr'>medium</span> <span class='ocrx_word' id='word_1_31' title='bbox 875 675 968 758; x_wconf 90' lang='lat' dir='ltr'>sequi</span> <span class='ocrx_word' id='word_1_32' title='bbox 998 676 1125 742; x_wconf 88' lang='lat' dir='ltr'>iuberet</span> 
     </span>
     <span class='ocr_line' id='line_1_7' title="bbox 111 762 1124 848; baseline 0.003 -20"><span class='ocrx_word' id='word_1_33' title='bbox 111 764 242 829; x_wconf 83' lang='lat' dir='ltr'>turbem</span> <span class='ocrx_word' id='word_1_34' title='bbox 270 785 397 848; x_wconf 91' lang='lat' dir='ltr'>eorum,</span> <span class='ocrx_word' id='word_1_35' title='bbox 425 762 543 847; x_wconf 89' lang='lat' dir='ltr'>quibus</span> <span class='ocrx_word' id='word_1_36' title='bbox 571 783 678 828; x_wconf 88' lang='lat' dir='ltr'>rerum</span> <span class='ocrx_word' id='word_1_37' title='bbox 707 762 852 828; x_wconf 87' lang='lat' dir='ltr'>ordinem</span> <span class='ocrx_word' id='word_1_38' title='bbox 881 766 914 827; x_wconf 90' lang='lat' dir='ltr'>et</span> <span class='ocrx_word' id='word_1_39' title='bbox 941 764 1124 831; x_wconf 88' lang='lat' dir='ltr'>diuinarum</span> 
     </span>
     <span class='ocr_line' id='line_1_8' title="bbox 113 851 1124 935; baseline 0.003 -19"><span class='ocrx_word' id='word_1_40' title='bbox 113 855 146 916; x_wconf 91' lang='lat' dir='ltr'>et</span> <span class='ocrx_word' id='word_1_41' title='bbox 177 853 393 918; x_wconf 92' lang='lat' dir='ltr'>humanarum</span> <span class='ocrx_word' id='word_1_42' title='bbox 425 851 642 935; x_wconf 87' lang='lat' dir='ltr'>historiasque</span> <span class='ocrx_word' id='word_1_43' title='bbox 672 851 863 917; x_wconf 89' lang='lat' dir='ltr'>scholastico</span> <span class='ocrx_word' id='word_1_44' title='bbox 891 873 981 917; x_wconf 90' lang='lat' dir='ltr'>more</span> <span class='ocrx_word' id='word_1_45' title='bbox 1011 853 1124 919; x_wconf 90' lang='lat' dir='ltr'>ludens</span> 
     </span>
     <span class='ocr_line' id='line_1_9' title="bbox 112 939 1125 1026; baseline 0 -19"><span class='ocrx_word' id='word_1_46' title='bbox 112 940 303 1026; x_wconf 82' lang='lat' dir='ltr'>scripserat,</span> <span class='ocrx_word' id='word_1_47' title='bbox 328 944 508 1006; x_wconf 84' lang='lat' dir='ltr'>extremum</span> <span class='ocrx_word' id='word_1_48' title='bbox 529 943 614 1006; x_wconf 89' lang='lat' dir='ltr'>esset</span> <span class='ocrx_word' id='word_1_49' title='bbox 637 939 866 1025; x_wconf 83' lang='lat' dir='ltr'>epistularum,</span> <span class='ocrx_word' id='word_1_50' title='bbox 894 939 1030 1024; x_wconf 89' lang='lat' dir='ltr'>denique</span> <span class='ocrx_word' id='word_1_51' title='bbox 1061 943 1125 1026; x_wconf 93' lang='lat' dir='ltr'>epi·</span> 
     </span>
     <span class='ocr_line' id='line_1_10' title="bbox 113 1027 1126 1114; baseline 0.003 -21"><span class='ocrx_word' id='word_1_52' title='bbox 113 1033 295 1114; x_wconf 82' lang='lat' dir='ltr'>grammata</span> <span class='ocrx_word' id='word_1_53' title='bbox 324 1028 459 1094; x_wconf 91' lang='lat' dir='ltr'>subinde</span> <span class='ocrx_word' id='word_1_54' title='bbox 488 1027 636 1114; x_wconf 86' lang='lat' dir='ltr'>augenda</span> <span class='ocrx_word' id='word_1_55' title='bbox 663 1028 936 1113; x_wconf 83' lang='lat' dir='ltr'>tamquamleuis</span> <span class='ocrx_word' id='word_1_56' title='bbox 960 1034 1126 1096; x_wconf 88' lang='lat' dir='ltr'>armatura</span> 
     </span>
     <span class='ocr_line' id='line_1_11' title="bbox 112 1117 450 1203; baseline -0.003 -21"><span class='ocrx_word' id='word_1_57' title='bbox 112 1117 301 1182; x_wconf 83' lang='lat' dir='ltr'>clauderent</span> <span class='ocrx_word' id='word_1_58' title='bbox 324 1137 450 1203; x_wconf 81' lang='lat' dir='ltr'>agmen.</span> 
     </span>
    </p>

    <p class='ocr_par' dir='ltr' id='par_1_4' title="bbox 38 1205 1127 2443">
     <span class='ocr_line' id='line_1_12' title="bbox 180 1205 1125 1290; baseline 0.003 -20"><span class='ocrx_word' id='word_1_59' title='bbox 180 1207 287 1290; x_wconf 88' lang='lat' dir='ltr'>Atque</span> <span class='ocrx_word' id='word_1_60' title='bbox 316 1206 345 1270; x_wconf 90' lang='lat' dir='ltr'>is</span> <span class='ocrx_word' id='word_1_61' title='bbox 370 1205 449 1271; x_wconf 93' lang='lat' dir='ltr'>ordo</span> <span class='ocrx_word' id='word_1_62' title='bbox 472 1205 648 1271; x_wconf 87' lang='lat' dir='ltr'>clarissime</span> <span class='ocrx_word' id='word_1_63' title='bbox 671 1206 776 1270; x_wconf 89' lang='lat' dir='ltr'>elucet</span> <span class='ocrx_word' id='word_1_64' title='bbox 798 1226 837 1271; x_wconf 82' lang='lat' dir='ltr'>ex</span> <span class='ocrx_word' id='word_1_65' title='bbox 860 1205 944 1271; x_wconf 91' lang='lat' dir='ltr'>libro</span> <span class='ocrx_word' id='word_1_66' title='bbox 962 1205 1125 1274; x_wconf 87' lang='lat' dir='ltr'>Vossiano</span> 
     </span>
     <span class='ocr_line' id='line_1_13' title="bbox 113 1294 1126 1379; baseline 0.004 -21"><span class='ocrx_word' id='word_1_67' title='bbox 113 1297 342 1379; x_wconf 86' lang='lat' dir='ltr'>opusculorum</span> <span class='ocrx_word' id='word_1_68' title='bbox 371 1294 627 1359; x_wconf 90' lang='lat' dir='ltr'>luculentissimo</span> <span class='ocrx_word' id='word_1_69' title='bbox 656 1295 753 1378; x_wconf 87' lang='lat' dir='ltr'>teste,</span> <span class='ocrx_word' id='word_1_70' title='bbox 784 1315 979 1378; x_wconf 85' lang='lat' dir='ltr'>quamquam</span> <span class='ocrx_word' id='word_1_71' title='bbox 1006 1316 1047 1361; x_wconf 90' lang='lat' dir='ltr'>ne</span> <span class='ocrx_word' id='word_1_72' title='bbox 1072 1296 1126 1362; x_wconf 91' lang='lat' dir='ltr'>hic</span> 
     </span>
     <span class='ocr_line' id='line_1_14' title="bbox 113 1382 1125 1484; baseline 0.002 -38"><span class='ocrx_word' id='word_1_73' title='bbox 113 1382 244 1467; x_wconf 90' lang='lat' dir='ltr'>quidem</span> <span class='ocrx_word' id='word_1_74' title='bbox 277 1382 360 1448; x_wconf 90' lang='lat' dir='ltr'>liber</span> <span class='ocrx_word' id='word_1_75' title='bbox 392 1383 501 1448; x_wconf 87' lang='lat' dir='ltr'>omnia</span> <span class='ocrx_word' id='word_1_76' title='bbox 529 1382 686 1484; x_wconf 77' lang='lat' dir='ltr'>seruauit,</span> <span class='ocrx_word' id='word_1_77' title='bbox 715 1403 797 1468; x_wconf 89' lang='lat' dir='ltr'>quae</span> <span class='ocrx_word' id='word_1_78' title='bbox 826 1384 1021 1469; x_wconf 80' lang='lat' dir='ltr'>archetypus</span> <span class='ocrx_word' id='word_1_79' title='bbox 1050 1405 1125 1450; x_wconf 90' lang='lat' dir='ltr'>oon-</span> 
     </span>
     <span class='ocr_line' id='line_1_15' title="bbox 113 1465 1126 1556; baseline 0.003 -21"><span class='ocrx_word' id='word_1_80' title='bbox 113 1470 199 1554; x_wconf 90' lang='lat' dir='ltr'>plect</span> <span class='ocrx_word' id='word_1_81' title='bbox 184 1471 323 1537; x_wconf 90' lang='lat' dir='ltr'>t.ebatur</span> <span class='ocrx_word' id='word_1_82' title='bbox 362 1493 440 1537; x_wconf 92' lang='lat' dir='ltr'>nam</span> <span class='ocrx_word' id='word_1_83' title='bbox 468 1471 584 1538; x_wconf 86' lang='lat' dir='ltr'>desunt</span> <span class='ocrx_word' id='word_1_84' title='bbox 611 1471 645 1536; x_wconf 90' lang='lat' dir='ltr'>in</span> <span class='ocrx_word' id='word_1_85' title='bbox 680 1465 871 1536; x_wconf 86' lang='lat' dir='ltr'>VMosella</span> <span class='ocrx_word' id='word_1_86' title='bbox 893 1470 1021 1556; x_wconf 78' lang='lat' dir='ltr'>Cupido</span> <span class='ocrx_word' id='word_1_87' title='bbox 1051 1472 1126 1539; x_wconf 89' lang='lat' dir='ltr'>alia.</span> 
     </span>
     <span class='ocr_line' id='line_1_16' title="bbox 113 1558 1126 1644; baseline 0.004 -22"><span class='ocrx_word' id='word_1_88' title='bbox 113 1559 146 1623; x_wconf 92' lang='lat' dir='ltr'>id</span> <span class='ocrx_word' id='word_1_89' title='bbox 170 1560 256 1644; x_wconf 93' lang='lat' dir='ltr'>quod</span> <span class='ocrx_word' id='word_1_90' title='bbox 277 1561 378 1625; x_wconf 88' lang='lat' dir='ltr'>mirae</span> <span class='ocrx_word' id='word_1_91' title='bbox 402 1560 568 1625; x_wconf 88' lang='lat' dir='ltr'>cuiusdam</span> <span class='ocrx_word' id='word_1_92' title='bbox 593 1558 755 1644; x_wconf 89' lang='lat' dir='ltr'>opinionis</span> <span class='ocrx_word' id='word_1_93' title='bbox 779 1581 891 1631; x_wconf 88' lang='lat' dir='ltr'>ansam</span> <span class='ocrx_word' id='word_1_94' title='bbox 914 1560 1010 1626; x_wconf 88' lang='lat' dir='ltr'>dedit.</span> <span class='ocrx_word' id='word_1_95' title='bbox 1048 1584 1126 1626; x_wconf 92' lang='lat' dir='ltr'>nam</span> 
     </span>
     <span class='ocr_line' id='line_1_17' title="bbox 113 1647 1126 1735; baseline 0.002 -21"><span class='ocrx_word' id='word_1_96' title='bbox 113 1647 346 1714; x_wconf 85' lang='lat' dir='ltr'>Mosellamt</span> <span class='ocrx_word' id='word_1_97' title='bbox 309 1671 331 1712; x_wconf 97' lang='grc' dir='ltr'>ιι</span> <span class='ocrx_word' id='word_1_98' title='bbox 331 1651 423 1733; x_wconf 89' lang='lat' dir='ltr'>ttpoe</span> <span class='ocrx_word' id='word_1_99' title='bbox 441 1652 503 1713; x_wconf 90' lang='lat' dir='ltr'>ant</span> <span class='ocrx_word' id='word_1_100' title='bbox 505 1670 542 1714; x_wconf 88' lang='lat' dir='ltr'>ea</span> <span class='ocrx_word' id='word_1_101' title='bbox 488 1647 631 1713; x_wconf 90' lang='lat' dir='ltr'>tedit</span> <span class='ocrx_word' id='word_1_102' title='bbox 617 1652 686 1713; x_wconf 90' lang='lat' dir='ltr'>tum</span> <span class='ocrx_word' id='word_1_103' title='bbox 713 1669 779 1714; x_wconf 91' lang='lat' dir='ltr'>non</span> <span class='ocrx_word' id='word_1_104' title='bbox 806 1649 966 1733; x_wconf 88' lang='lat' dir='ltr'>recepisse</span> <span class='ocrx_word' id='word_1_105' title='bbox 994 1654 1126 1735; x_wconf 89' lang='lat' dir='ltr'>poetam</span> 
     </span>
     <span class='ocr_line' id='line_1_18' title="bbox 113 1735 1127 1822; baseline 0.003 -21"><span class='ocrx_word' id='word_1_106' title='bbox 113 1737 199 1801; x_wconf 88' lang='lat' dir='ltr'>inter</span> <span class='ocrx_word' id='word_1_107' title='bbox 218 1738 373 1822; x_wconf 92' lang='lat' dir='ltr'>opuscula</span> <span class='ocrx_word' id='word_1_108' title='bbox 391 1737 551 1821; x_wconf 88' lang='lat' dir='ltr'>putabant</span> <span class='ocrx_word' id='word_1_109' title='bbox 575 1736 641 1814; x_wconf 87' lang='lat' dir='ltr'>alii,</span> <span class='ocrx_word' id='word_1_110' title='bbox 665 1735 720 1800; x_wconf 89' lang='lat' dir='ltr'>alii</span> <span class='ocrx_word' id='word_1_111' title='bbox 739 1735 951 1802; x_wconf 87' lang='lat' dir='ltr'>conlecticnis</span> <span class='ocrx_word' id='word_1_112' title='bbox 975 1760 1057 1822; x_wconf 90' lang='lat' dir='ltr'>quae</span> <span class='ocrx_word' id='word_1_113' title='bbox 1076 1744 1127 1804; x_wconf 90' lang='lat' dir='ltr'>est</span> 
     </span>
     <span class='ocr_line' id='line_1_19' title="bbox 113 1823 1126 1912; baseline 0.005 -24"><span class='ocrx_word' id='word_1_114' title='bbox 113 1826 148 1889; x_wconf 90' lang='lat' dir='ltr'>in</span> <span class='ocrx_word' id='word_1_115' title='bbox 175 1823 337 1891; x_wconf 88' lang='lat' dir='ltr'>Vossiano</span> <span class='ocrx_word' id='word_1_116' title='bbox 371 1825 534 1890; x_wconf 89' lang='lat' dir='ltr'>diuersam</span> <span class='ocrx_word' id='word_1_117' title='bbox 565 1824 666 1889; x_wconf 81' lang='lat' dir='ltr'>fisisse</span> <span class='ocrx_word' id='word_1_118' title='bbox 695 1826 854 1890; x_wconf 90' lang='lat' dir='ltr'>rationem</span> <span class='ocrx_word' id='word_1_119' title='bbox 885 1828 981 1909; x_wconf 87' lang='lat' dir='ltr'>atque</span> <span class='ocrx_word' id='word_1_120' title='bbox 1010 1826 1126 1912; x_wconf 88' lang='lat' dir='ltr'>plenae</span> 
     </span>
     <span class='ocr_line' id='line_1_20' title="bbox 116 1913 1126 1999; baseline 0.002 -21"><span class='ocrx_word' id='word_1_121' title='bbox 116 1914 344 1999; x_wconf 87' lang='lat' dir='ltr'>opusculorum</span> <span class='ocrx_word' id='word_1_122' title='bbox 363 1913 524 1980; x_wconf 90' lang='lat' dir='ltr'>editionis.</span> <span class='ocrx_word' id='word_1_123' title='bbox 562 1916 597 1978; x_wconf 91' lang='lat' dir='ltr'>at</span> <span class='ocrx_word' id='word_1_124' title='bbox 619 1913 741 1978; x_wconf 89' lang='lat' dir='ltr'>nemini</span> <span class='ocrx_word' id='word_1_125' title='bbox 760 1913 855 1979; x_wconf 90' lang='lat' dir='ltr'>credo</span> <span class='ocrx_word' id='word_1_126' title='bbox 878 1915 1126 1998; x_wconf 87' lang='lat' dir='ltr'>persuadebitur</span> 
     </span>
     <span class='ocr_line' id='line_1_21' title="bbox 114 2000 1127 2089; baseline 0.002 -23"><span class='ocrx_word' id='word_1_127' title='bbox 114 2001 297 2076; x_wconf 84' lang='lat' dir='ltr'>Ausonium</span> <span class='ocrx_word' id='word_1_128' title='bbox 322 2002 496 2068; x_wconf 86' lang='lat' dir='ltr'>exclusisse</span> <span class='ocrx_word' id='word_1_129' title='bbox 520 2000 609 2086; x_wconf 94' lang='lat' dir='ltr'>illud,</span> <span class='ocrx_word' id='word_1_130' title='bbox 633 2024 696 2086; x_wconf 92' lang='lat' dir='ltr'>quc</span> <span class='ocrx_word' id='word_1_131' title='bbox 718 2001 860 2088; x_wconf 89' lang='lat' dir='ltr'>primam</span> <span class='ocrx_word' id='word_1_132' title='bbox 878 2003 1041 2088; x_wconf 88' lang='lat' dir='ltr'>poeticam</span> <span class='ocrx_word' id='word_1_133' title='bbox 1059 2005 1127 2089; x_wconf 91' lang='lat' dir='ltr'>pal·</span> 
     </span>
     <span class='ocr_line' id='line_1_22' title="bbox 114 2091 1127 2177; baseline 0.004 -23"><span class='ocrx_word' id='word_1_134' title='bbox 114 2112 203 2156; x_wconf 86' lang='lat' dir='ltr'>mam</span> <span class='ocrx_word' id='word_1_135' title='bbox 224 2113 358 2177; x_wconf 85' lang='lat' dir='ltr'>eamque</span> <span class='ocrx_word' id='word_1_136' title='bbox 381 2091 538 2156; x_wconf 89' lang='lat' dir='ltr'>lemnisco</span> <span class='ocrx_word' id='word_1_137' title='bbox 562 2094 712 2156; x_wconf 91' lang='lat' dir='ltr'>ornatam</span> <span class='ocrx_word' id='word_1_138' title='bbox 735 2095 911 2174; x_wconf 88' lang='lat' dir='ltr'>meruerat,</span> <span class='ocrx_word' id='word_1_139' title='bbox 934 2094 1127 2176; x_wconf 88' lang='lat' dir='ltr'>praesertim</span> 
     </span>
     <span class='ocr_line' id='line_1_23' title="bbox 115 2178 1127 2265; baseline 0.003 -22"><span class='ocrx_word' id='word_1_140' title='bbox 115 2179 167 2243; x_wconf 92' lang='lat' dir='ltr'>cui</span> <span class='ocrx_word' id='word_1_141' title='bbox 195 2180 275 2245; x_wconf 89' lang='lat' dir='ltr'>satis</span> <span class='ocrx_word' id='word_1_142' title='bbox 304 2183 411 2247; x_wconf 89' lang='lat' dir='ltr'>certus</span> <span class='ocrx_word' id='word_1_143' title='bbox 440 2179 484 2245; x_wconf 89' lang='lat' dir='ltr'>sit</span> <span class='ocrx_word' id='word_1_144' title='bbox 511 2181 600 2245; x_wconf 91' lang='lat' dir='ltr'>locus</span> <span class='ocrx_word' id='word_1_145' title='bbox 629 2180 716 2244; x_wconf 89' lang='lat' dir='ltr'>inter</span> <span class='ocrx_word' id='word_1_146' title='bbox 737 2178 934 2265; x_wconf 81' lang='lat' dir='ltr'>Eologarum</span> <span class='ocrx_word' id='word_1_147' title='bbox 961 2181 1083 2246; x_wconf 87' lang='lat' dir='ltr'>librum</span> <span class='ocrx_word' id='word_1_148' title='bbox 1107 2205 1127 2246; x_wconf 92' lang='lat' dir='ltr'>a</span> 
     </span>
     <span class='ocr_line' id='line_1_24' title="bbox 115 2266 1126 2354; baseline 0.003 -22"><span class='ocrx_word' id='word_1_149' title='bbox 115 2289 167 2332; x_wconf 92' lang='lat' dir='ltr'>me</span> <span class='ocrx_word' id='word_1_150' title='bbox 190 2269 327 2352; x_wconf 89' lang='lat' dir='ltr'>pristino</span> <span class='ocrx_word' id='word_1_151' title='bbox 353 2269 458 2334; x_wconf 91' lang='lat' dir='ltr'>ordini</span> <span class='ocrx_word' id='word_1_152' title='bbox 481 2269 669 2334; x_wconf 89' lang='lat' dir='ltr'>restitutum</span> <span class='ocrx_word' id='word_1_153' title='bbox 693 2272 790 2353; x_wconf 88' lang='lat' dir='ltr'>atque</span> <span class='ocrx_word' id='word_1_154' title='bbox 813 2266 928 2334; x_wconf 91' lang='lat' dir='ltr'>Vrbes.</span> <span class='ocrx_word' id='word_1_155' title='bbox 966 2291 1029 2354; x_wconf 90' lang='lat' dir='ltr'>quc</span> <span class='ocrx_word' id='word_1_156' title='bbox 1054 2270 1126 2336; x_wconf 91' lang='lat' dir='ltr'>loco</span> 
     </span>
     <span class='ocr_line' id='line_1_25' title="bbox 38 2356 1127 2443; baseline 0.004 -23"><span class='ocrx_word' id='word_1_157' title='bbox 38 2405 41 2410; x_wconf 84' lang='lat'>.</span> <span class='ocrx_word' id='word_1_158' title='bbox 116 2357 213 2422; x_wconf 92' lang='lat' dir='ltr'>simul</span> <span class='ocrx_word' id='word_1_159' title='bbox 240 2379 312 2422; x_wconf 92' lang='lat' dir='ltr'>cum</span> <span class='ocrx_word' id='word_1_160' title='bbox 346 2357 414 2422; x_wconf 90' lang='lat' dir='ltr'>eius</span> <span class='ocrx_word' id='word_1_161' title='bbox 443 2357 569 2422; x_wconf 87' lang='lat' dir='ltr'>iactura</span> <span class='ocrx_word' id='word_1_162' title='bbox 598 2360 631 2422; x_wconf 89' lang='lat' dir='ltr'>et</span> <span class='ocrx_word' id='word_1_163' title='bbox 655 2357 764 2424; x_wconf 90' lang='lat' dir='ltr'>nescio</span> <span class='ocrx_word' id='word_1_164' title='bbox 790 2378 832 2422; x_wconf 89' lang='lat' dir='ltr'>an</span> <span class='ocrx_word' id='word_1_165' title='bbox 855 2356 1023 2442; x_wconf 78' lang='lat' dir='ltr'>Cupidinis</span> <span class='ocrx_word' id='word_1_166' title='bbox 1049 2381 1127 2443; x_wconf 91' lang='lat' dir='ltr'>quc·</span> 
     </span>
    </p>
   </div>
   <div class='ocr_carea' id='block_1_3' title="bbox 116 2444 1220 2530">
    <p class='ocr_par' dir='ltr' id='par_1_5' title="bbox 116 2444 1220 2530">
     <span class='ocr_line' id='line_1_26' title="bbox 116 2444 1220 2530; baseline 0.002 -20"><span class='ocrx_word' id='word_1_167' title='bbox 116 2466 178 2529; x_wconf 92' lang='lat' dir='ltr'>que</span> <span class='ocrx_word' id='word_1_168' title='bbox 203 2446 337 2511; x_wconf 86' lang='lat' dir='ltr'>cruciati</span> <span class='ocrx_word' id='word_1_169' title='bbox 365 2446 406 2511; x_wconf 91' lang='lat' dir='ltr'>ab</span> <span class='ocrx_word' id='word_1_170' title='bbox 434 2446 622 2511; x_wconf 91' lang='lat' dir='ltr'>heroidibus</span> <span class='ocrx_word' id='word_1_171' title='bbox 650 2444 738 2512; x_wconf 81' lang='lat' dir='ltr'>foliis</span> <span class='ocrx_word' id='word_1_172' title='bbox 766 2446 889 2530; x_wconf 89' lang='lat' dir='ltr'>aliquot</span> <span class='ocrx_word' id='word_1_173' title='bbox 915 2447 1127 2530; x_wconf 86' lang='lat' dir='ltr'>transpositis</span> <span class='ocrx_word' id='word_1_174' title='bbox 1219 2459 1220 2466; x_wconf 75' lang='grc'>’</span> 
     </span>
    </p>
   </div>
   <div class='ocr_carea' id='block_1_4' title="bbox 116 2534 1220 2902">
    <p class='ocr_par' dir='ltr' id='par_1_6' title="bbox 116 2534 1127 2798">
     <span class='ocr_line' id='line_1_27' title="bbox 116 2534 1126 2620; baseline 0.002 -22"><span class='ocrx_word' id='word_1_175' title='bbox 116 2535 200 2598; x_wconf 90' lang='lat' dir='ltr'>male</span> <span class='ocrx_word' id='word_1_176' title='bbox 235 2535 387 2600; x_wconf 90' lang='lat' dir='ltr'>turbatus</span> <span class='ocrx_word' id='word_1_177' title='bbox 424 2539 475 2600; x_wconf 90' lang='lat' dir='ltr'>est</span> <span class='ocrx_word' id='word_1_178' title='bbox 511 2534 600 2600; x_wconf 90' lang='lat' dir='ltr'>ordo.</span> <span class='ocrx_word' id='word_1_179' title='bbox 662 2536 759 2618; x_wconf 88' lang='lat' dir='ltr'>atque</span> <span class='ocrx_word' id='word_1_180' title='bbox 796 2534 882 2599; x_wconf 91' lang='lat' dir='ltr'>idem</span> <span class='ocrx_word' id='word_1_181' title='bbox 924 2556 1031 2618; x_wconf 88' lang='lat' dir='ltr'>casus,</span> <span class='ocrx_word' id='word_1_182' title='bbox 1071 2537 1126 2620; x_wconf 89' lang='lat' dir='ltr'>qui</span> 
     </span>
     <span class='ocr_line' id='line_1_28' title="bbox 116 2621 1127 2709; baseline 0 -21"><span class='ocrx_word' id='word_1_183' title='bbox 116 2623 264 2708; x_wconf 81' lang='lat' dir='ltr'>egregios</span> <span class='ocrx_word' id='word_1_184' title='bbox 296 2623 379 2689; x_wconf 91' lang='lat' dir='ltr'>istos</span> <span class='ocrx_word' id='word_1_185' title='bbox 411 2622 618 2688; x_wconf 87' lang='lat' dir='ltr'>Ausonianae</span> <span class='ocrx_word' id='word_1_186' title='bbox 655 2621 768 2688; x_wconf 90' lang='lat' dir='ltr'>Musae</span> <span class='ocrx_word' id='word_1_187' title='bbox 802 2623 897 2688; x_wconf 87' lang='lat' dir='ltr'>flores</span> <span class='ocrx_word' id='word_1_188' title='bbox 932 2624 1056 2709; x_wconf 84' lang='lat' dir='ltr'>expulit</span> <span class='ocrx_word' id='word_1_189' title='bbox 1087 2625 1127 2688; x_wconf 85' lang='lat' dir='ltr'>ex</span> 
     </span>
     <span class='ocr_line' id='line_1_29' title="bbox 116 2709 1126 2798; baseline 0.001 -22"><span class='ocrx_word' id='word_1_190' title='bbox 116 2709 313 2777; x_wconf 90' lang='lat' dir='ltr'>Vossiani&#39;</span> <span class='ocrx_word' id='word_1_191' title='bbox 287 2733 356 2777; x_wconf 89' lang='lat' dir='ltr'>s1ue</span> <span class='ocrx_word' id='word_1_192' title='bbox 374 2716 467 2795; x_wconf 90' lang='lat' dir='ltr'>patre</span> <span class='ocrx_word' id='word_1_193' title='bbox 491 2712 559 2776; x_wconf 89' lang='lat' dir='ltr'>siue</span> <span class='ocrx_word' id='word_1_194' title='bbox 578 2733 639 2777; x_wconf 91' lang='lat' dir='ltr'>auc</span> <span class='ocrx_word' id='word_1_195' title='bbox 659 2713 728 2777; x_wconf 88' lang='lat' dir='ltr'>siue</span> <span class='ocrx_word' id='word_1_196' title='bbox 749 2733 883 2798; x_wconf 89' lang='lat' dir='ltr'>proauo,</span> <span class='ocrx_word' id='word_1_197' title='bbox 906 2712 993 2778; x_wconf 90' lang='lat' dir='ltr'>haud</span> <span class='ocrx_word' id='word_1_198' title='bbox 1012 2713 1126 2778; x_wconf 90' lang='lat' dir='ltr'>dubito</span> 
     </span>
    </p>

    <p class='ocr_par' dir='ltr' id='par_1_7' title="bbox 116 2800 1220 2902">
     <span class='ocr_line' id='line_1_30' title="bbox 116 2800 1220 2902; baseline 0.003 -39"><span class='ocrx_word' id='word_1_199' title='bbox 116 2800 195 2883; x_wconf 88' lang='lat' dir='ltr'>quin</span> <span class='ocrx_word' id='word_1_200' title='bbox 228 2800 295 2865; x_wconf 92' lang='lat' dir='ltr'>suis</span> <span class='ocrx_word' id='word_1_201' title='bbox 327 2800 407 2865; x_wconf 89' lang='lat' dir='ltr'>locis</span> <span class='ocrx_word' id='word_1_202' title='bbox 440 2801 568 2866; x_wconf 88' lang='lat' dir='ltr'>exulare</span> <span class='ocrx_word' id='word_1_203' title='bbox 600 2800 742 2886; x_wconf 78' lang='lat' dir='ltr'>coegerit</span> <span class='ocrx_word' id='word_1_204' title='bbox 773 2822 837 2889; x_wconf 82' lang='lat' dir='ltr'>uno</span> <span class='ocrx_word' id='word_1_205' title='bbox 870 2802 1014 2868; x_wconf 90' lang='lat' dir='ltr'>alteroue</span> <span class='ocrx_word' id='word_1_206' title='bbox 1046 2801 1127 2867; x_wconf 89' lang='lat' dir='ltr'>folio</span> <span class='ocrx_word' id='word_1_207' title='bbox 1219 2871 1220 2902; x_wconf 58' lang='lat'>,</span> 
     </span>
    </p>
   </div>
   <div class='ocr_carea' id='block_1_5' title="bbox 115 2887 1220 2974">
    <p class='ocr_par' dir='ltr' id='par_1_8' title="bbox 115 2887 1220 2974">
     <span class='ocr_line' id='line_1_31' title="bbox 115 2887 1220 2974; baseline 0.002 -21"><span class='ocrx_word' id='word_1_208' title='bbox 115 2889 314 2973; x_wconf 86' lang='lat' dir='ltr'>transposito</span> <span class='ocrx_word' id='word_1_209' title='bbox 279 2887 589 2954; x_wconf 89' lang='lat' dir='ltr'>Dtomesticorum</span> <span class='ocrx_word' id='word_1_210' title='bbox 604 2910 731 2974; x_wconf 90' lang='lat' dir='ltr'>quoque</span> <span class='ocrx_word' id='word_1_211' title='bbox 744 2891 881 2974; x_wconf 86' lang='lat' dir='ltr'>partem,</span> <span class='ocrx_word' id='word_1_212' title='bbox 895 2888 998 2955; x_wconf 79' lang='lat' dir='ltr'>Genet</span> <span class='ocrx_word' id='word_1_213' title='bbox 999 2890 1127 2955; x_wconf 91' lang='lat' dir='ltr'>hliacon</span> <span class='ocrx_word' id='word_1_214' title='bbox 1219 2907 1220 2918; x_wconf 61' lang='lat'>¹</span> 
     </span>
    </p>
   </div>
   <div class='ocr_carea' id='block_1_6' title="bbox 116 2976 1220 3594">
    <p class='ocr_par' dir='ltr' id='par_1_9' title="bbox 116 2976 1220 3594">
     <span class='ocr_line' id='line_1_32' title="bbox 117 2976 1220 3064; baseline 0.001 -22"><span class='ocrx_word' id='word_1_215' title='bbox 117 2976 188 3042; x_wconf 92' lang='lat' dir='ltr'>dico</span> <span class='ocrx_word' id='word_1_216' title='bbox 213 2979 308 3063; x_wconf 89' lang='lat' dir='ltr'>atque</span> <span class='ocrx_word' id='word_1_217' title='bbox 331 2976 411 3043; x_wconf 92' lang='lat' dir='ltr'>Prot</span> <span class='ocrx_word' id='word_1_218' title='bbox 396 2979 484 3061; x_wconf 88' lang='lat' dir='ltr'>ttrep</span> <span class='ocrx_word' id='word_1_219' title='bbox 484 2977 571 3061; x_wconf 91' lang='lat' dir='ltr'>icon,</span> <span class='ocrx_word' id='word_1_220' title='bbox 598 2999 679 3064; x_wconf 92' lang='lat' dir='ltr'>quos</span> <span class='ocrx_word' id='word_1_221' title='bbox 702 2977 737 3042; x_wconf 91' lang='lat' dir='ltr'>in</span> <span class='ocrx_word' id='word_1_222' title='bbox 738 2977 832 3044; x_wconf 88' lang='lat' dir='ltr'>terim</span> <span class='ocrx_word' id='word_1_223' title='bbox 855 2980 941 3044; x_wconf 91' lang='lat' dir='ltr'>inter</span> <span class='ocrx_word' id='word_1_224' title='bbox 958 2978 1128 3063; x_wconf 80' lang='lat' dir='ltr'>Epistulas</span> <span class='ocrx_word' id='word_1_225' title='bbox 1219 2987 1220 2998; x_wconf 61' lang='lat'>¹</span> 
     </span>
     <span class='ocr_line' id='line_1_33' title="bbox 117 3065 1127 3152; baseline 0.002 -22"><span class='ocrx_word' id='word_1_226' title='bbox 117 3066 265 3130; x_wconf 89' lang='lat' dir='ltr'>conlocat</span> <span class='ocrx_word' id='word_1_227' title='bbox 251 3069 302 3130; x_wconf 91' lang='lat' dir='ltr'>tos</span> <span class='ocrx_word' id='word_1_228' title='bbox 335 3087 408 3130; x_wconf 92' lang='lat' dir='ltr'>cum</span> <span class='ocrx_word' id='word_1_229' title='bbox 435 3066 676 3132; x_wconf 84' lang='lat' dir='ltr'>Vossianot</span> <span class='ocrx_word' id='word_1_230' title='bbox 625 3070 676 3132; x_wconf 88' lang='lat' dir='ltr'>ret</span> <span class='ocrx_word' id='word_1_231' title='bbox 676 3066 753 3132; x_wconf 90' lang='lat' dir='ltr'>inui.</span> <span class='ocrx_word' id='word_1_232' title='bbox 799 3065 840 3132; x_wconf 89' lang='lat' dir='ltr'>ad</span> <span class='ocrx_word' id='word_1_233' title='bbox 873 3067 920 3132; x_wconf 92' lang='lat' dir='ltr'>alt</span> <span class='ocrx_word' id='word_1_234' title='bbox 905 3071 1009 3133; x_wconf 90' lang='lat' dir='ltr'>teram</span> <span class='ocrx_word' id='word_1_235' title='bbox 1042 3066 1127 3152; x_wconf 91' lang='lat' dir='ltr'>quod</span> 
     </span>
     <span class='ocr_line' id='line_1_34' title="bbox 118 3154 1127 3234; baseline 0.003 -17"><span class='ocrx_word' id='word_1_236' title='bbox 118 3155 237 3220; x_wconf 87' lang='lat' dir='ltr'>attinet</span> <span class='ocrx_word' id='word_1_237' title='bbox 264 3155 473 3234; x_wconf 87' lang='lat' dir='ltr'>sententiam,</span> <span class='ocrx_word' id='word_1_238' title='bbox 501 3154 632 3220; x_wconf 88' lang='lat' dir='ltr'>difficile</span> <span class='ocrx_word' id='word_1_239' title='bbox 656 3159 706 3220; x_wconf 89' lang='lat' dir='ltr'>est</span> <span class='ocrx_word' id='word_1_240' title='bbox 733 3155 868 3220; x_wconf 90' lang='lat' dir='ltr'>satiram</span> <span class='ocrx_word' id='word_1_241' title='bbox 890 3177 956 3220; x_wconf 94' lang='lat' dir='ltr'>non</span> <span class='ocrx_word' id='word_1_242' title='bbox 979 3155 1127 3221; x_wconf 87' lang='lat' dir='ltr'>scribere.</span> 
     </span>
     <span class='ocr_line' id='line_1_35' title="bbox 117 3243 1127 3329; baseline 0.002 -23"><span class='ocrx_word' id='word_1_243' title='bbox 117 3263 194 3307; x_wconf 90' lang='lat' dir='ltr'>nam</span> <span class='ocrx_word' id='word_1_244' title='bbox 217 3264 326 3308; x_wconf 91' lang='lat' dir='ltr'>merae</span> <span class='ocrx_word' id='word_1_245' title='bbox 354 3247 431 3309; x_wconf 90' lang='lat' dir='ltr'>sunt</span> <span class='ocrx_word' id='word_1_246' title='bbox 457 3264 564 3329; x_wconf 83' lang='lat' dir='ltr'>nugae</span> <span class='ocrx_word' id='word_1_247' title='bbox 594 3280 632 3292; x_wconf 90' lang='lat'><em>-</em></span> <span class='ocrx_word' id='word_1_248' title='bbox 666 3243 781 3329; x_wconf 89' lang='lat' dir='ltr'>quibus</span> <span class='ocrx_word' id='word_1_249' title='bbox 812 3247 845 3309; x_wconf 90' lang='lat' dir='ltr'>et</span> <span class='ocrx_word' id='word_1_250' title='bbox 872 3244 941 3329; x_wconf 91' lang='lat' dir='ltr'>ipse</span> <span class='ocrx_word' id='word_1_251' title='bbox 968 3266 1019 3309; x_wconf 88' lang='lat' dir='ltr'>me</span> <span class='ocrx_word' id='word_1_252' title='bbox 1050 3244 1127 3309; x_wconf 92' lang='lat' dir='ltr'>olim</span> 
     </span>
     <span class='ocr_line' id='line_1_36' title="bbox 116 3330 1220 3417; baseline 0.002 -22"><span class='ocrx_word' id='word_1_253' title='bbox 116 3330 239 3396; x_wconf 86' lang='lat' dir='ltr'>fauisse</span> <span class='ocrx_word' id='word_1_254' title='bbox 271 3352 337 3396; x_wconf 90' lang='lat' dir='ltr'>non</span> <span class='ocrx_word' id='word_1_255' title='bbox 371 3333 559 3417; x_wconf 83' lang='lat' dir='ltr'>negauerim</span> <span class='ocrx_word' id='word_1_256' title='bbox 591 3369 636 3380; x_wconf 90' lang='lat'>--</span> <span class='ocrx_word' id='word_1_257' title='bbox 666 3333 694 3398; x_wconf 92' lang='lat' dir='ltr'>si</span> <span class='ocrx_word' id='word_1_258' title='bbox 725 3333 796 3416; x_wconf 90' lang='lat' dir='ltr'>quis</span> <span class='ocrx_word' id='word_1_259' title='bbox 826 3335 956 3397; x_wconf 91' lang='lat' dir='ltr'>censeat</span> <span class='ocrx_word' id='word_1_260' title='bbox 989 3353 1058 3397; x_wconf 89' lang='lat' dir='ltr'>esse</span> <span class='ocrx_word' id='word_1_261' title='bbox 1093 3333 1128 3396; x_wconf 89' lang='lat' dir='ltr'>in</span> <span class='ocrx_word' id='word_1_262' title='bbox 1219 3381 1220 3384; x_wconf 17' lang='grc' dir='ltr'>η</span> 
     </span>
     <span class='ocr_line' id='line_1_37' title="bbox 117 3418 1220 3508; baseline 0.002 -24"><span class='ocrx_word' id='word_1_263' title='bbox 117 3418 283 3486; x_wconf 88' lang='lat' dir='ltr'>Vossiano</span> <span class='ocrx_word' id='word_1_264' title='bbox 307 3419 540 3486; x_wconf 90' lang='lat' dir='ltr'>conlectionem</span> <span class='ocrx_word' id='word_1_265' title='bbox 562 3421 747 3486; x_wconf 90' lang='lat' dir='ltr'>scholarum</span> <span class='ocrx_word' id='word_1_266' title='bbox 769 3421 804 3484; x_wconf 92' lang='lat' dir='ltr'>in</span> <span class='ocrx_word' id='word_1_267' title='bbox 822 3443 916 3486; x_wconf 91' lang='lat' dir='ltr'>usum</span> <span class='ocrx_word' id='word_1_268' title='bbox 934 3421 1128 3505; x_wconf 87' lang='lat' dir='ltr'>institutam,</span> <span class='ocrx_word' id='word_1_269' title='bbox 1219 3493 1220 3508; x_wconf 40' lang='lat'>,</span> 
     </span>
     <span class='ocr_line' id='line_1_38' title="bbox 118 3507 1220 3594; baseline 0 -21"><span class='ocrx_word' id='word_1_270' title='bbox 118 3508 238 3594; x_wconf 88' lang='lat' dir='ltr'>quippe</span> <span class='ocrx_word' id='word_1_271' title='bbox 267 3529 348 3594; x_wconf 90' lang='lat' dir='ltr'>quae</span> <span class='ocrx_word' id='word_1_272' title='bbox 377 3514 468 3575; x_wconf 88' lang='lat' dir='ltr'>casta</span> <span class='ocrx_word' id='word_1_273' title='bbox 495 3513 624 3576; x_wconf 88' lang='lat' dir='ltr'>tantum</span> <span class='ocrx_word' id='word_1_274' title='bbox 650 3507 770 3574; x_wconf 90' lang='lat' dir='ltr'>habeat</span> <span class='ocrx_word' id='word_1_275' title='bbox 799 3509 950 3575; x_wconf 88' lang='lat' dir='ltr'>carmina.</span> <span class='ocrx_word' id='word_1_276' title='bbox 996 3531 1072 3575; x_wconf 89' lang='lat' dir='ltr'>nam</span> <span class='ocrx_word' id='word_1_277' title='bbox 1095 3510 1129 3574; x_wconf 90' lang='lat' dir='ltr'>in</span> <span class='ocrx_word' id='word_1_278' title='bbox 1219 3551 1220 3588; x_wconf 50' lang='grc' dir='ltr'>ι</span> 
     </span>
    </p>
   </div>
   <div class='ocr_carea' id='block_1_7' title="bbox 0 0 1246 3958">
    <p class='ocr_par' dir='ltr' id='par_1_10' title="bbox 0 0 1246 3958">
     <span class='ocr_line' id='line_1_39' title="bbox 0 0 1246 3958; baseline 0 0"><span class='ocrx_word' id='word_1_279' title='bbox 0 0 1246 3958; x_wconf 95' lang='lat' dir='ltr'> </span> 
     </span>
    </p>
   </div>
  </div>
 </body>
</html>
