2540 3962
511 180 749 245 -238-

165 339 296 406 Oblitus
320 341 388 405 alto
410 339 559 426 neglegis
582 338 738 404 fastidio?

209 428 400 494 Pleetendus
424 429 571 513 exemplo
594 432 666 511 tuo,

165 517 210 582 Ni
234 517 362 584 stabilis
387 539 468 582 aeuo
490 518 632 600 pectoris
654 515 759 581 nostri
782 514 861 579 fides
1101 533 1137 582 35

210 605 411 690 Quamquam
433 609 621 671 recusantes
644 607 741 670 amet.

167 694 256 760 Vale.
292 695 400 759 ualere
423 694 452 758 si
474 692 566 758 uoles
588 715 656 777 me,
678 692 811 777 peruola

210 781 292 848 Cum
314 782 434 848 serinio
458 786 492 847 et
514 782 616 846 musis
638 782 714 846 tuis.

67 1046 114 1086 ΧΠ
129 1045 177 1095 [405
190 993 344 1094 mulsam]

136 1165 140 1172 ·
217 1129 379 1187 AVSONIV
380 1130 399 1185 S
419 1129 540 1186 PROBO
559 1130 775 1186 PRAEFECTO
793 1129 1000 1187 PRAETORIO
1020 1130 1047 1185 S.

188 1274 308 1342 Oblata
339 1296 397 1359 per
429 1275 630 1361 antiquarios
663 1297 756 1341 mora
789 1275 855 1341 seio
887 1275 1039 1359 promissi
1072 1275 1138 1341 mei

120 1365 261 1450 gratiam
285 1364 507 1448 expectatione
530 1368 765 1448 consumptam,
787 1364 901 1449 Probo,
926 1364 979 1429 uir
999 1364 1135 1449 optime3

119 1453 154 1518 in
182 1453 328 1519 secundis
354 1457 465 1518 tamen
486 1453 590 1518 habeo
612 1473 680 1517 non
698 1451 864 1518 ‘fefellisse
897 1453 1060 1537 apologos
1083 1451 1137 1517 Ti·

120 1542 202 1607 tiani
230 1545 264 1606 et
285 1540 423 1626 Nepotis
452 1541 603 1606 uhioniea
630 1541 724 1625 quasi
752 1541 834 1606 alios
862 1541 1020 1626 apologos
1045 1537 1136 1628 (nam

120 1633 153 1694 et
179 1629 252 1714 ipsa
278 1631 384 1694 instar
411 1630 487 1694 sunt
514 1627 714 1715 fabularum)
743 1629 785 1694 ad
811 1630 1018 1695 nobilitatem
1044 1633 1173 1695 tuamo

119 1717 792 1871 Eluttttlttttltmutlttt
807 1717 1037 1872 lttltllt
1050 1718 1136 1871 ltld

118 1893 251 1960 feratur.
305 1894 416 1960 libello
453 1897 564 1959 tamen
601 1895 814 1980 apologorum
847 1896 983 1960 antetuli
1014 1915 1135 1978 paucos

119 1982 250 2068 epodos,
269 1982 375 2047 studio
394 1983 430 2048 in
448 1986 482 2048 te
497 1983 724 2049 obseruantiae
739 2005 830 2049 meae
843 1983 1135 2068 impudentissimo,

118 2093 240 2155 paucos
264 2070 402 2156 quidem,
425 2075 463 2136 ut
486 2093 547 2158 ego
570 2071 690 2157 loquax
713 2072 834 2138 iudico:
858 2093 971 2136 uerum
994 2075 1039 2157 tu,
1062 2092 1135 2136 eum
1155 2087 1191 2136 10

118 2160 251 2244 legeris,
280 2161 378 2224 etiam
405 2161 543 2225 nimium
571 2161 692 2226 multos
715 2159 855 2244 putabis.
901 2161 1016 2226 adiuro
1040 2160 1136 2224 bene-

118 2248 297 2313 uolentiam
324 2251 430 2333 tuam,
457 2249 668 2316 uereoundiae
695 2271 787 2314 meae
814 2252 945 2332 testem,
976 2248 1136 2314 eos-mihi

119 2337 229 2402 subita
250 2338 461 2420 persuasione
483 2337 622 2403 fluxisse.
660 2359 736 2402 nam
759 2338 832 2423 quis
854 2337 915 2403 hos
938 2337 993 2402 diu
1011 2338 1134 2422 eogita-

117 2425 189 2490 ret?
231 2424 318 2510 quod
349 2447 426 2491 sane
449 2426 513 2510 ipsi
535 2448 593 2511 per
616 2448 650 2491 se
672 2427 869 2510 probabunt.
904 2426 973 2492 fors
996 2425 1077 2509 fuat,
1099 2428 1137 2491 ut

118 2512 147 2578 si
169 2513 250 2578 mihi
272 2514 343 2579 uita
366 2519 527 2599 suppetet,
555 2514 678 2598 aliquid
701 2536 809 2580 rerum
831 2517 962 2580 tuarum
986 2514 1189 2599 quamuis15

118 2601 259 2668 ineultus
292 2603 465 2686 expoliam:
500 2603 585 2687 quod
611 2607 649 2667 tu
678 2603 740 2668 etsi
767 2604 889 2668 laetum
916 2625 982 2668 non
1008 2602 1136 2688 probes,

118 2691 274 2774 seriptum
306 2691 384 2755 boni
416 2691 575 2757 eonsules.
630 2713 766 2776 eumque
799 2711 860 2777 ego
892 2691 1041 2758 imitatus
1074 2690 1137 2757 sim

190 2940 224 3017 tt}
234 2933 411 3076 nepligile
427 2935 543 3006 fastigio
554 2935 709 2994 Ferrarius
760 2941 794 3018 ³9
814 2923 896 3003 Quat
912 2935 938 2989 Τ
992 2903 1081 3020 eosq.
1095 2952 1140 3020 me

118 3021 285 3132 ᾧῄἰοῶιηιῖεᾶ
314 3005 351 3060 ad
379 3023 424 3061 me
451 3008 569 3077 peruola
596 3024 660 3062 oum
690 3007 835 3078 relsorrpto
864 3006 890 3060 Τ
960 3012 994 3062 38
1022 3006 1137 3079 sonnio]

79 3205 108 3255 Ζ
190 3183 242 3238 XII
260 3181 400 3238 Ausonius
411 3214 443 3224 -
455 3184 519 3256 sal]
533 3171 602 3255 pret
611 3172 682 3255 pret.
697 3182 735 3238 M
746 3183 751 3255 l
768 3183 818 3238 sal'
830 3183 856 3238 Τ
867 3183 987 3239 salutem
998 3183 1024 3239 G
1037 3199 1088 3240 om.
1100 3186 1135 3239 Μ

154 3256 357 3325 teonsumpta
376 3254 461 3322 ΤΜΙ
478 3257 593 3337 optume
614 3255 640 3312 θ
709 3255 901 3324 tappologos
920 3254 946 3308 Τ
960 3257 965 3324 Ι
980 3253 1078 3310 tieiam
1099 3256 1138 3310 M

152 3332 170 3380 4
198 3325 309 3381 oroniea
328 3325 354 3379 T
424 3331 439 3380 6
463 3326 540 3410 nusi]
560 3325 615 3382 nisi
635 3326 661 3382 Τ
666 3325 692 3382 G
763 3330 780 3380 8
799 3326 1002 3396 appologorum
1022 3325 1048 3379 Τ
1114 3331 1134 3409 ρ

117 3397 313 3551 {seleuse
330 3397 594 3550 stultulus?
620 3397 664 3523 ᾗ
679 3395 913 3548 illafimla
933 3397 1139 3538 attelini

155 3544 188 3593 16
207 3539 346 3594 mculmm
365 3538 391 3595 G
465 3545 497 3596 17
517 3539 658 3610 eonsules]
679 3539 723 3610 ΖΙ
740 3537 807 3610 erm]
826 3537 859 3594 su
880 3539 906 3592 Τ
