2538 3964
491 195 645 261 -463
694 229 732 244 -

218 351 369 407 citudinem
387 352 504 407 nimiam
521 339 658 406 scandens
672 352 833 421 gracilescit
845 353 991 422 paulatim,
1010 355 1123 410 umbras
1234 401 1242 408 .

217 440 327 493 quoque
345 423 509 480 mechanica
525 423 635 479 ratione
655 424 802 479 consumit.

253 493 402 551 cassiodor
420 493 486 549 Var.
505 493 558 548 VH
578 499 611 548 15
633 493 762 564 Pyramia
784 494 813 548 in
837 496 979 566 Aegypto,
1004 512 1121 564 quarum

215 565 246 620 in
274 582 325 622 suo
348 568 425 622 statu
448 583 477 621 se
500 564 600 620 umbra
622 582 786 621 consumens
807 567 884 620 ultra
906 567 1121 623 constructionis
1236 577 1240 584 '

102 671 106 680 -
213 636 413 707 spatiasnulla
430 639 510 706 parte
529 636 685 707 respicitur.

251 707 338 763 Solin.
353 725 376 762 c.
388 713 421 764 35
435 709 533 777 itaque
547 724 705 764 mensuram
718 708 880 762 umbrarum
891 725 1018 779 egressae
1028 709 1120 765 nullas

213 779 320 835 habent
337 781 459 835 umbras.
497 779 633 848 Vegetius
650 778 704 832 IIII
723 785 766 834 30.

143 852 196 903 314
210 867 268 919 sqq.
288 850 360 905 Plin.
379 869 406 906 u.
424 850 454 904 h.
468 849 598 904 XXXIIII
615 855 665 905 148
683 853 815 920 magnete
834 849 930 920 lapide
948 851 1120 907 architectus

214 921 394 977 Timochares
413 920 600 976 Alexandriae
619 921 750 976 Arsinoes
767 924 825 982 tam
846 921 906 976 lum
924 938 1120 978 concamarare

211 992 408 1061 inchoarent,
432 995 465 1048 ut
488 992 518 1046 in
537 1009 570 1047 eo
589 991 769 1046 simulacrum
789 1009 804 1047 5
823 939 897 1048 herro
915 993 1038 1062 pendere
1057 1010 1121 1049 aere

212 1063 361 1119 uideretur.
402 1063 562 1119 intercessit
588 1062 676 1133 ipsius
703 1081 778 1119 mora
806 1067 835 1120 et
857 1063 1012 1120 Ptolemaei
1034 1063 1118 1136 regis,

212 1133 308 1204 quiid
327 1136 415 1191 sorori
434 1151 500 1189 suae
519 1133 641 1189 iusserat
657 1134 726 1189 fieri.

246 1204 330 1275 (Plin.
356 1225 382 1262 5.
407 1207 434 1260 5.
463 1204 594 1260 XXXVII
619 1211 671 1260 108
699 1206 744 1329 Xe
767 1205 891 1328 topacio)
918 1206 984 1261 inda
1012 1205 1118 1262 factam

211 1278 335 1332 statuam
352 1277 489 1332 Arsinoae
506 1275 663 1332 Ptolemaei
682 1275 703 1329 P
724 1275 800 1330 ilade
811 1276 862 1344 phi
884 1276 966 1331 uxori
985 1278 1118 1346 quattuor

211 1348 382 1417 subitorum,
407 1349 546 1404 sacratam
563 1347 594 1401 In
611 1347 728 1402 delubro
747 1349 823 1414 quod
841 1364 956 1402 aureum
975 1349 1117 1418 cognomi·

209 1418 338 1474 nabetur.
354 1419 389 1477 cf.
404 1417 523 1474 XXXVI
537 1425 579 1474 68.
599 1420 631 1473 55
648 1416 735 1473 refert
748 1417 863 1473 Rufinus
877 1418 942 1472 hist.
958 1420 1056 1474 eccles.
1070 1419 1118 1489 XI,

209 1489 396 1546 Alexandriae
424 1491 454 1544 in
480 1489 622 1559 Serapidis
650 1489 756 1558 templo
785 1489 852 1544 solis
879 1489 991 1560 signum
1018 1492 1117 1546 eodem

209 1561 328 1616 artificio
346 1561 559 1632 sustinebatur.)

138 1635 190 1686 313
209 1631 281 1688 Plin.
301 1651 328 1687 n.
346 1633 374 1687 h.
393 1631 525 1686 XXXIIII
546 1636 595 1686 147
620 1631 680 1686 5515
702 1630 771 1685 5555
795 1628 914 1685 materia
932 1633 982 1700 (sc.
1001 1631 1116 1703 ferrum)

209 1702 285 1758 uirus
303 1705 340 1759 ab
359 1719 391 1759 5ο
411 1703 505 1773 lapide
521 1705 569 1772 (so.
585 1703 727 1772 magnete)
741 1699 847 1772 accipit
861 1701 1017 1771 retinetque
1030 1702 1116 1774 longo

209 1777 343 1845 tempore,
358 1773 436 1830 aliud
451 1774 665 1844 adprehendens
679 1772 792 1840 ferrum,
809 1774 843 1827 ut
855 1773 1002 1829 anulorum
1017 1777 1117 1831 catena

210 1863 222 1899 s
243 1847 353 1900 ectetun
369 1845 510 1901 interdum
529 1846 582 1900 eto.

138 1921 188 1972 316
235 1915 314 1988 ergiI
334 1916 367 1971 A.
387 1918 399 1971 Ι
419 1921 470 1971 505
490 1916 583 1971 media
601 1915 743 1972 testudine
762 1915 873 1985 templi

137 1994 189 2042 324
209 1988 313 2059 Vergil.
334 1988 369 2043 A.
389 1988 473 2042 1413
493 1989 593 2042 collem
613 1988 662 2054 qui
679 1986 816 2055 plurimus
835 1985 897 2041 urbi
915 1985 1053 2042 imminet.

137 2064 187 2114 332
208 2058 314 2130 Vergil.
335 2059 453 2114 (5171
479 2075 588 2114 cessare
610 2059 738 2113 5555155.
777 2057 809 2110 A.
829 2057 855 2111 V
876 2063 926 2112 128
948 2075 1063 2129 campus
1087 2061 1116 2114 et

208 2131 311 2201 apricis
330 2131 415 2187 static
434 2130 595 2202 gratissima
613 2130 726 2199 margin.

136 2218 358 2275 satanael
381 2227 410 2290 3,
435 2227 469 2275 43
494 2237 530 2276 an
554 2235 625 2289 quae
649 2216 794 2289 graminea
817 2219 949 2287 suscepta
971 2217 1114 2287 crepidine

206 2291 316 2346 fumant
345 2291 448 2347 balnea
479 2294 507 2346 et
533 2289 688 2360 inpositum
716 2288 785 2360 ripis
813 2288 972 2359 algentibus
1000 2289 1114 2359 ignem?

207 2378 321 2487 5υέἳὲ
346 2362 513 2486 55555515ἔὶ5
536 2361 650 2486 iunoItqus
672 2359 834 2485 fognacibus
857 2358 947 2414 amnis
969 2359 1043 2415 ridet
1066 2376 1114 2415 an·

229 2448 243 2486 e
274 2450 292 2485 n
323 2449 447 2488 summo
487 2448 580 2487 urnme
646 2451 673 2486 m
716 2447 756 2485 as.

136 2508 187 2557 342
207 2502 305 2558 Horat.
324 2503 377 2572 Ep.
397 2503 410 2556 I
428 2509 453 2570 3,
475 2508 506 2555 11
527 2451 653 2556 fastidirye
672 2450 760 2557 Ipbcus.

135 2579 186 2628 343
207 2571 321 2630 Sueten.
336 2573 410 2628 Nero
425 2579 459 2629 27
478 2572 581 2629 refotos
600 2589 683 2642 saepe
698 2571 796 2626 calidis
811 2570 926 2641 piscinis
941 2587 974 2626 ac
988 2573 1114 2641 tempore

205 2645 314 2701 aestiuo
332 2643 445 2701 niuatis.

135 2737 187 2789 344
206 2733 278 2789 Stat.
299 2734 326 2789 S.
346 2733 359 2786 I
377 2741 403 2802 3,
423 2740 456 2790 73
475 2733 638 2801 5555555555
656 2732 756 2787 natatu
774 2730 886 2801 plaudit
903 2747 1000 2799 55555.

135 2810 187 2861 345
208 2806 280 2861 Stat.
299 2805 326 2862 S.
346 2807 406 2874 15,
432 2811 465 2861 00
488 2821 542 2860 555
560 2802 584 2859 si
603 2803 714 2859 Baianis
733 2802 830 2858 ueniat
847 2819 936 2858 nonus
955 2802 1058 2874 hospes
1076 2803 1112 2858 ab

205 2877 269 2945 oris,
288 2875 359 2933 talia
378 2876 524 2947 despiciat.

133 2972 185 3022 340
203 2966 310 3037 Vergil.
330 2967 364 3021 A.
384 2966 423 3021 VI
442 2972 493 3022 327
513 2982 598 3022 rauca
615 2964 729 3019 fluenta.

134 3044 186 3093 363
204 3038 276 3094 Plin.
293 3056 319 3093 5.
334 3039 362 3092 h.
377 3037 495 3093 XXXVI
511 3042 561 3092 153
580 3035 718 3092 melfitiae
736 3037 814 3090 trans
829 3033 945 3104 Alpium
958 3033 1110 3104 praecipua

204 3111 269 3164 sunt
296 3109 425 3180 exempla
452 3109 482 3164 in
504 3107 621 3178 BelgIea
643 3104 790 3177 prouincia
813 3105 963 3161 candidum
986 3105 1110 3174 lapidem

154 3181 162 3194 '
204 3197 279 3236 serra
301 3197 357 3249 qua
379 3180 489 3250 lignum
507 3179 673 3248 faciliusque
695 3177 781 3234 etiam
800 3176 954 3232 secantium
974 3176 1010 3231 ad
1029 3179 1110 3246 tegu-

203 3251 294 3306 larum
314 3256 344 3307 et
360 3251 509 3307 imbricum
527 3252 628 3306 uiuam.

132 3344 183 3396 333
203 3339 309 3410 Vergil.
329 3340 362 3394 A.
382 3339 448 3395 VIII
468 3345 518 3395 712
543 3340 640 3395 Nilum
663 3337 889 3409 pandentemque
907 3337 983 3392 sinus
1001 3339 1031 3391 et
1047 3337 1109 3392 tota

202 3414 281 3466 ueste
301 3414 449 3466 uocantem
469 3412 626 3466 caeruleum
645 3410 674 3464 in
693 3407 841 3478 gremium.

131 3488 183 3537 372
203 3482 326 3539 OuidM.
336 3486 404 3539 1580
412 3499 531 3552 moxque
542 3499 637 3538 amnes
647 3478 697 3534 alii
707 3478 757 3548 qui
767 3495 823 3548 qua
832 3479 899 3533 tulit
905 3478 1028 3548 impetus
1036 3478 1107 3534 illos.

132 3553 319 3609 3785155551.
338 3556 389 3610 lat.
410 3561 471 3623 233,
491 3561 504 3608 1
526 3554 599 3608 Ries.
618 3552 743 3621 Mantua,
762 3551 798 3604 da
817 3550 937 3605 ueniam.

132 3630 183 3680 379
202 3625 274 3679 Plin.
294 3645 321 3680 n.
341 3629 368 3682 h.
388 3627 427 3682 XI
446 3631 496 3681 251
516 3625 677 3695 Nemeseos,
696 3639 767 3691 quae
786 3623 839 3678 dea
857 3622 988 3678 Latinum
1006 3638 1107 3678 nomen
