2546 3962
550 213 790 278 -373-

159 375 286 440 ratione
305 375 492 457 cernebant,
516 371 602 458 quod
620 371 835 438 meminerant
853 372 982 457 lectum,
1000 371 1065 458 legi
1079 394 1176 456 posse
1190 392 1230 434 sos

160 466 350 529 metuentes.
391 461 468 547 quid
490 465 537 547 te,
560 462 739 546 imperator
757 460 920 546 Auguste,
944 461 1178 545 indulgentius,

161 552 237 638 quid
260 555 369 636 potest
392 572 462 616 esse
484 551 687 618 consultius?
711 572 793 635 quae
816 551 903 615 bona
925 552 1088 635 praestes,
1111 549 1176 614 effi-

160 642 220 721 cis,
248 662 288 705 ne
312 640 431 706 caduca
459 640 538 706 sint:
568 661 650 724 quae
678 638 767 704 mala
796 639 934 724 adimis,¹
953 639 1113 723 prospicis
1136 661 1177 704 ne

109 747 142 796 ‘15
160 731 289 814 possint
308 751 377 794 esse
396 728 547 794 recidiua.
582 728 663 794 haec
681 728 938 813 prouincialibus
956 727 1177 812 indulgentiae

159 821 255 885 bona.
302 819 379 904 quid
406 819 464 883 illa
491 820 603 884 nostro
634 817 762 882 ordini?
796 817 872 901 quid
904 816 963 882 illa
995 817 1177 882 militibus?
1191 837 1231 879 510

160 907 400 974 Antoninorum
424 907 554 992 cognita
581 906 644 972 fuit
667 911 700 971 et
722 907 788 972 iam
812 909 887 971 ante
910 905 1177 971 Germanicorum

141 998 193 1070 in
217 998 350 1063 cohorte
373 997 550 1061 amicorum
574 999 607 1060 et
630 995 814 1081 legionibus
837 995 1006 1061 familiaris
1030 994 1177 1060 humani-

159 1091 220 1152 tas.
258 1085 315 1151 sed
338 1106 398 1170 ego
421 1085 498 1150 nolo
521 1085 783 1162 beneuolentiam
804 1087 898 1149 tuam
921 1085 1058 1150 aliorum
1081 1085 1177 1149 colla·

49 1191 170 1232 xxxrm
196 1176 284 1241 tione
302 1173 507 1258 praecellere.
536 1174 706 1239 abundant
723 1174 758 1238 iu
777 1178 809 1239 te
829 1197 867 1239 ea
885 1173 1043 1240 bonitatis
1064 1177 1096 1237 et
1114 1173 1178 1238 uir-

159 1266 240 1330 tutis
273 1264 435 1348 exempla,
468 1283 549 1347 quae
579 1263 670 1347 sequi
701 1264 810 1346 cupiat
838 1268 976 1328 uentura
1003 1263 1177 1346 posteritas
1191 1284 1232 1326 515

160 1358 206 1438 et,
235 1353 263 1417 si
287 1374 395 1417 rerum
417 1355 536 1417 ustura
558 1354 740 1436 pateretur,
770 1351 910 1417 adscribi
934 1351 997 1417 sibi
1019 1351 1179 1416 uoluisset

160 1442 231 1507 anti
253 1442 349 1508 uitas.

226 1464 333 1596 {Vll
364 1525 506 1594 Necesse
539 1532 588 1593 est
616 1531 727 1594 tamen
760 1527 882 1612 aliquid
914 1528 1110 1612 comparari,
1142 1531 1179 1592 ut

108 1635 140 1684 ⁷6
160 1619 267 1703 possit
293 1617 457 1702 intellegi,
490 1619 576 1696 bona
602 1622 716 1683 nostra
744 1639 808 1703 quo
817 1679 827 1700 ,
835 1620 1011 1702 praestent.
1055 1614 1179 1703 Aegro·

159 1711 267 1773 tantas
287 1707 409 1772 amicos
430 1705 590 1772 Traianus
609 1707 714 1771 uisere
734 1699 875 1772 solebat:
900 1705 1058 1771 hactenus
1081 1706 1117 1770 in
1140 1727 1177 1770 eo
1192 1727 1232 1770 eso

159 1797 297 1863 comitas
325 1794 544 1881 praedicanda
567 1798 625 1860 est.
671 1798 708 1860 tu
731 1799 764 1860 et
785 1797 891 1860 uisere
915 1795 1032 1860 solitus
1057 1798 1091 1860 et
1113 1816 1179 1858 me-

160 1887 228 1950 deri
247 1886 384 1971 praebes
405 1885 588 1969 ministros,
610 1885 745 1950 instruis
765 1885 867 1969 cibos,
884 1884 1031 1950 fomenta
1050 1883 1179 1969 dispen-

161 1998 227 2059 ses,
251 1979 419 2058 sumptum
442 1973 543 2040 adicis
566 1974 793 2059 medellamm,
822 1972 1002 2039 consolaris
1026 1972 1180 2051 adfectos,

159 2063 435 2129 recalescentibus
465 2063 651 2148 gratularis.
696 2063 835 2148 inquot
861 2062 932 2126 uias
959 2062 997 2126 de
1021 2083 1086 2126 una
1110 2061 1179 2126 eius

107 2168 140 2217 77
158 2153 362 2218 humanitate
398 2152 619 2236 progrederis!
656 2152 841 2238 legionibus
872 2151 1046 2235 immersis,
1079 2143 1115 2215 u‘t
1146 2151 1181 2215 in
1195 2174 1234 2216 aas

160 2243 323 2308 communi
341 2241 449 2306 Marte
468 2241 589 2323 euenit,
614 2241 643 2306 si
667 2239 744 2325 quid
768 2240 896 2307 aduersi
915 2240 1089 2325 acciderat,
1113 2238 1181 2303 uidi

158 2333 191 2395 te
211 2331 382 2396 circumire
402 2330 556 2414 tentoria,
574 2329 674 2394 ‘satin
690 2329 837 2395 saluae?’
858 2351 1020 2414 quaerere,
1037 2332 1180 2394 tractare

159 2473 373 2482 ...π-...-

232 2546 283 2595 519
309 2538 344 2596 cl.
361 2541 479 2608 Eutrcp.
494 2538 591 2595 V1114
610 2539 716 2596 amicos
735 2538 879 2595 salutandi
898 2555 982 2594 causa
999 2539 1181 2607 frequentans

158 2611 205 2666 uel
225 2613 417 2682 aegrotantes.

158 2806 211 2875 tia)
233 2807 258 2860 Τ
274 2822 336 2860 cum
356 2807 468 2861 iuudtia
486 2806 521 2860 de
540 2805 632 2861 retice
647 2804 672 2859 G
691 2820 754 2859 cum
773 2804 887 2860 muscia
905 2805 940 2861 de
958 2805 1068 2861 ratione
1087 2805 1144 2859 M?

159 2883 211 2932 505
231 2877 413 2932 adoeratione
436 2877 562 2946 Vuucrus
585 2878 591 2946 Ι
614 2891 698 2945 posse
717 2877 875 2931 metuentes
893 2876 1048 2944 Baehrens,
1067 2878 1182 2947 possent

159 2951 188 3002 ot
205 2950 317 3002 uetares
337 2950 367 3017 (n
377 2965 424 3018 pr.
439 2949 484 3016 se.)
502 2947 528 3002 T
542 2962 639 3016 possm
655 2965 672 3000 τ
686 2948 797 3002 ueteres
813 2948 852 3002 M
867 2965 950 3016 posse
969 2951 998 3004 et
1015 2947 1125 3004 ueteres
1142 2947 1180 3004 G:

158 3020 269 3074 ueteres
293 3035 327 3073 erc
350 3021 450 3074 uenter
472 3018 544 3074 male
566 3019 699 3073 intellecto
723 3034 774 3074 cco
793 3021 874 3074 sudio
892 3025 1004 3086 uotrcm;
1032 3020 1061 3074 et
1083 3017 1181 3088 (etiam

158 3089 321 3157 Acidaliae,
345 3091 518 3144 etiamtunc
540 3089 614 3158 Tell,
633 3090 741 3144 ettam
781 3091 887 3159 obcelet)
905 3091 1034 3146 serentes
1054 3091 1146 3144 Aldus

159 3167 211 3216 509
230 3160 346 3214 recidua
366 3160 392 3212 Τ
417 3160 544 3216 recidiua
563 3161 589 3215 G
615 3160 744 3215 rediuiua
763 3161 802 3215 M
872 3167 924 3216 510
943 3161 1050 3232 nostro]
1073 3161 1124 3214 uic
1146 3161 1183 3214 M

195 3236 246 3286 511
263 3248 295 3286 co
317 3231 489 3301 nitaPcr'per
508 3231 627 3287 comitas
638 3233 683 3301 ΖΙ
699 3233 765 3286 ante
785 3231 901 3286 Schenkl
918 3231 984 3286 inde
1000 3233 1027 3285 Z
1081 3236 1132 3287 512
1151 3232 1181 3284 in

158 3301 274 3359 cohorte
328 3303 409 3358 beuti
426 3301 456 3356 in
475 3319 526 3358 om.
540 3303 568 3356 Z
619 3307 673 3356 514
690 3302 844 3372 percellere
862 3302 929 3360 Tell.
947 3304 951 3373 Ι
975 3303 1142 3358 habundant
1157 3303 1183 3355 Z

194 3379 246 3428 515
266 3372 359 3445 sequi]
379 3373 460 3443 siqua
479 3374 518 3427 M
571 3379 622 3428 516
643 3373 761 3428 asscribi
783 3373 808 3426 Τ

228 3443 304 3499 XVII
326 3447 378 3500 519
397 3443 522 3516 intelligi
539 3445 568 3498 Z
629 3451 681 3499 520
699 3446 834 3514 trayanus
854 3446 891 3499 M
950 3449 1002 3500 523
1023 3443 1122 3499 adiieis
1140 3445 1158 3512 f
1174 3444 1178 3518 l

155 3517 330 3571 medelarum
342 3516 405 3571 TM
417 3520 420 3581 Ι
437 3515 626 3586 adfectos]M
645 3541 650 3550 ·
678 3520 730 3571 521
745 3515 827 3587 quot]
842 3515 968 3585 quodM
1020 3521 1072 3572 526
1087 3517 1177 3572 marte

155 3587 195 3642 M
263 3593 315 3643 527
335 3587 422 3660 satin]
442 3587 524 3644 satiri
543 3587 582 3640 M
