2546 3962
525 187 681 251 -362
728 223 770 232 -

91 364 124 412 33
144 345 268 411 sulibus
292 345 430 431 gesserit
453 347 666 412 consulatum.
707 367 780 414 eeee
804 345 904 430 aliud,
929 347 1014 431 quod
1039 347 1161 433 aliquis

144 437 303 519 opponat:
325 435 360 498 in
383 436 467 499 tanti
488 439 521 499 te
540 455 618 520 ergo
638 435 776 500 oratoris
799 434 972 519 fastigium
995 436 1161 521 gloriosus

145 523 289 588 attollis?
313 523 364 588 eui
387 524 468 588 talia
486 524 662 606 requirenti
685 523 886 607 respondebo
910 525 1069 590 breuiter:
1094 548 1163 592 non

144 633 204 696 ego
238 633 289 676 me
322 611 482 678 contendo
515 610 688 691 Frontoni,
721 611 778 676 sed
807 613 975 680 Antonino
1007 615 1161 699 praefero

91 717 125 766 34
144 699 346 765 Gratianum.
392 701 556 765 celebrant
589 700 736 786 equidem
768 701 941 766 sollemnes
974 703 1057 768 istos
1090 703 1212 770 (113333
1260 733 1264 778 r

144 811 255 854 omnes
274 789 393 873 ubique
412 790 521 873 urbes,
545 812 626 874 quae
646 789 705 854 sub
724 789 851 875 legibus
871 795 982 875 agunt,
1006 795 1039 856 et
1054 791 1161 858 Roma

143 879 182 943 (13
210 899 300 954 3333
333 881 366 943 33
394 875 697 962 Constantinopolis
726 878 764 943 de
791 879 976 944 imitatione
1004 884 1037 944 et
1064 880 1160 946 Anti-

144 965 238 1032 oohia
251 989 311 1050 pro
325 967 403 1031 luxu
418 970 451 1030 et
466 965 631 1052 Carthago
651 966 808 1032 disoineta
827 971 860 1053 et
878 968 999 1033 donum
1013 969 1160 1034 fluminis

142 1054 353 1121 Alexandria:
386 1055 441 1120 sed
474 1055 607 1120 Treueri
639 1055 794 1142 principis
827 1056 983 1122 benefioio
1017 1063 1050 1123 et
1081 1081 1161 1124 mox

143 1166 215 1208 aum
238 1143 310 1228 ipso
331 1149 461 1210 auctore
484 1145 641 1212 beneficii.
678 1144 750 1210 1333
769 1145 853 1210 inter
872 1167 906 1210 33
925 1145 1055 1232 distant,
1079 1151 1160 1212 uota
1173 1167 1210 1207 aas

89 1233 132 1338 ἔξ
142 1232 357 1298 eonsentiunt.
394 1255 477 1298 unus
500 1233 535 1299 in
554 1256 609 1298 ore
628 1233 772 1300 omnium
788 1233 972 1319 Gratianus,
994 1240 1160 1319 potestate

142 1321 333 1406 imperator,
361 1322 482 1387 uirtute
508 1323 626 1404 uictor,
659 1322 827 1408 Augustus
856 1323 1043 1408 sanctitate,
1075 1347 1159 1408 pon-

141 1409 223 1474 tifex
241 1411 412 1497 religione,
436 1412 639 1497 indulgentia
656 1414 765 1495 pater,
784 1415 891 1478 aetate
910 1413 1011 1496 filius,
1034 1413 1159 1496 pietate

141 1504 249 1564 utrum
274 1521 322 1565 ue.

87 1605 121 1653 33
206 1523 295 1653 viil.
328 1587 404 1654 Non
427 1611 560 1674 pessum
583 1589 658 1654 fidei
682 1610 780 1654 eausa
802 1587 972 1654 ostendere
995 1590 1157 1675 imagines
1172 1615 1211 1655 333

140 1677 300 1742 maiorum
319 1699 479 1758 meorum,
498 1681 535 1743 ut
554 1677 601 1742 ait
619 1677 704 1762 apud
724 1677 916 1744 Sallustium
935 1677 1073 1762 Marius,
1097 1702 1158 1746 nee

140 1764 314 1832 deductum
351 1768 392 1832 ab
424 1766 577 1832 heroibus
616 1787 717 1852 genus
754 1767 808 1831 uel
844 1766 977 1832 deorum
1015 1771 1158 1834 stemma

139 1854 310 1939 replicare,
340 1877 400 1920 neo
423 1856 552 1941 ignotus
576 1875 655 1938 opes
680 1859 714 1920 33
736 1855 934 1938 patrimonia
957 1877 1073 1940 sparsa
1095 1858 1157 1922 sub

139 1943 263 2028 regnis:
294 1943 350 2010 sed
373 1965 425 2028 ea,
453 1965 535 2028 quae
558 1947 637 2009 nota
661 1948 751 2027 sunt,
779 1943 884 2008 dioere
906 1945 1030 2028 potius,
1058 1966 1158 2029 quam

139 2032 338 2116 praedicare:
356 2034 497 2118 patriam
510 2054 577 2100 non
591 2033 771 2116 obscuram,
790 2031 950 2098 familiam
961 2055 1031 2098 non
1044 2035 1156 2117 paeni·
1171 2061 1208 2100 aas
1263 2073 1264 2082 =

138 2121 279 2204 tendam,
298 2122 430 2187 domum
448 2122 662 2206 innocentem,
680 2121 899 2187 innocentiam
917 2143 982 2188 non
998 2126 1156 2208 ooaotam,

139 2214 296 2296 angustas
320 2231 411 2294 opes,
434 2214 660 2276 uerumtamen
682 2209 775 2274 libris
795 2213 828 2275 et
843 2210 965 2276 litteris
989 2211 1156 2298 dilatatus,

138 2297 362 2382 frugalitatem
382 2299 451 2363 sine
471 2298 634 2383 sordibus,
657 2299 821 2384 ingenium
840 2300 989 2383 liberale,
1008 2301 1155 2368 animum

138 2408 205 2452 non
218 2386 430 2471 inliberalem,
448 2387 580 2472 uiotum,
595 2389 758 2472 uestitum,
773 2388 1010 2472 supelleetilem
1024 2390 1156 2476 munda,

138 2512 352 2522 m*—

210 2566 262 2688 {dd
281 2562 507 2704 lSuadllubdiubdlug.
528 2639 570 2702 83,
590 2638 637 2689 29(
656 2650 712 2689 non
730 2650 845 2703 possum
863 2633 930 2690 fidei
949 2651 1033 2689 33333
1051 2633 1155 2706 imagi·

139 2721 187 2758 nes
202 2720 291 2773 neque
304 2703 461 2774 triumphos
474 2706 523 2759 333
532 2705 692 2760 3333313333
706 2703 844 2760 maiorum
858 2721 985 2760 meorum
999 2706 1154 2762 ostentare.

209 2851 261 2901 211
280 2849 309 2901 13
329 2862 395 2916 ergo
417 2846 443 2899 Τ
460 2863 526 2918 ergo
544 2850 573 2902 ts
593 2847 631 2900 M
636 2846 663 2903 G
734 2845 978 2918 21833331131311
1001 2850 1030 2903 33
1048 2846 1153 2918 glorio·

138 2916 231 2972 suad
289 2922 341 2972 219
359 2917 496 2972 Frontoni
513 2917 639 2988 Vpoletus
667 2918 804 2973 frontonis
824 2918 851 2972 Z
908 2925 960 2974 220
980 2918 1111 2987 equidem
1129 2919 1158 2972 Z

137 2988 297 3044 celebrante
316 2988 430 3058 quidem
441 2988 466 3041 Τ
470 2989 506 3058 G)
526 2989 640 3059 quidem
654 2988 799 3059 Vpoletusl
823 2989 962 3045 solemnes
976 2990 1015 3045 M
1018 2989 1044 3044 G
1063 2989 1153 3045 solen·

135 3059 223 3114 nesT
274 3064 326 3114 221
346 3059 478 3115 omnisG
531 3066 583 3114 222
604 3059 824 3142 eonstuniopolis
841 3059 888 3130 (11
904 3065 933 3116 33
949 3061 1024 3128 Tell,
1042 3077 1093 3116 om.
1105 3061 1133 3114 Z
1146 3061 1150 3130 1

136 3129 377 3192 333313331311131
426 3136 477 3186 223
489 3133 603 3201 sartago
615 3132 653 3185 M
666 3133 670 3201 1
687 3130 972 3188 disernataAuumtius
985 3131 1156 3187 distinataZ

138 3202 142 3274 1
164 3201 268 3257 (13333
288 3202 357 3256 PM
374 3202 489 3257 domum
510 3202 536 3258 G
554 3205 653 3258 (13333
672 3203 815 3258 Amantius
887 3209 941 3258 224
959 3201 1069 3258 Treuiri
1090 3202 1117 3258 G

135 3272 342 3330 assuimur
411 3278 463 3328 229
482 3273 669 3344 utrimque&

134 3414 181 3470 331
200 3416 270 3471 adeo
290 3415 404 3472 debenti
472 3420 524 3472 233
543 3415 790 3486 poeniteudamT
849 3421 901 3471 231
920 3415 1023 3472 litteris
1054 3414 1106 3470 liis
1127 3415 1154 3470 T

134 3485 241 3542 lictoris
261 3488 300 3542 M
320 3485 417 3542 liberis
437 3487 484 3556 (11
506 3486 656 3544 (11133330
727 3492 779 3544 239
798 3485 988 3559 inliberalem]
1058 3489 1063 3557 Ι
1086 3503 1151 3558 sup·

134 3555 306 3628 pellectilem
326 3558 352 3612 Τ
374 3557 568 3629 supeleetilem
589 3557 616 3612 θ

1263 2271 1264 2318 1

206 3344 514 3400 murmurantium
533 3346 560 3400 Z
613 3350 663 3400 232
684 3345 719 3401 31)
739 3361 789 3401 om.
809 3345 855 3412 Gt
877 3344 926 3400 uel
944 3344 1051 3414 Peiper,
1070 3344 1108 3398 ud
1126 3344 1154 3399 Z
