2516 3954
529 196 750 262 „21-

127 360 201 427 Nos
246 381 334 426 seros
407 358 548 425 famulos
619 359 802 426 adcrescere
860 361 1052 446 perpetieris

129 451 198 516 Sub
244 451 307 515 tali
407 449 538 515 edoctos
618 449 764 514 antistite
860 451 1056 536 relligionis;

128 540 184 606 Da
246 561 378 604 sensum
411 537 515 604 solida
621 539 816 606 stabilitum⁴
864 539 1064 606 credulitate.

127 683 195 748 Fac
245 683 363 767 iungar
408 702 541 746 numero
620 681 768 747 rediuiuo
866 682 1080 768 glorificatus,
1168 696 1202 747 40

128 773 183 838 Ad
245 771 370 836 caelum
408 771 553 836 invitans
622 771 787 836 consortia
863 773 1115 858 terrigenarum,

129 878 213 928 suus
246 877 352 944 nave,
411 876 601 926 nuruum
626 876 807 926 STATIONIS
869 863 1120 927 cosonnsoar

72 1075 126 1115 1111
142 1074 191 1126 [ara
205 1074 245 1115 ero
258 1071 374 1124 neynn]
427 1049 627 1107 EPIOEDION
645 1052 687 1107 IN
703 1052 857 1108 PATREM

197 1181 281 1247 Post
308 1181 404 1246 deum
433 1201 560 1265 semper
582 1182 710 1263 patrem
733 1181 819 1245 colui
842 1182 1079 1265 secundamque
1101 1203 1150 1246 re-

129 1271 314 1337 uerentiam
347 1269 489 1354 genitori
520 1291 593 1334 meo
626 1268 732 1335 debui.
783 1270 928 1354 sequitur
960 1292 1037 1357 ergo
1065 1271 1149 1335 hanc
1207 1299 1210 1304 ⁴

131 1360 250 1426 summi
274 1359 327 1423 dei
349 1357 592 1424 uenerationem
615 1357 784 1442 epicedion
802 1359 907 1444 patris
926 1361 998 1424 mei.
1033 1359 1149 1425 titulus

131 1473 151 1514 a
169 1448 302 1514 Graecis
325 1447 521 1530 auctoribus,
544 1447 769 1513 defunctorum
786 1447 907 1513 honori
925 1449 1061 1532 dicatus,
1083 1470 1150 1514 non

132 1538 351 1622 ambitiosus„
373 1535 429 1602 sed
462 1535 647 1620 religiosus:
685 1558 780 1621 quem
814 1537 1002 1603 commendo
1034 1536 1184 1606 lectoris

131 1649 214 1712 meo,
242 1626 313 1691 siue
340 1626 368 1690 is
395 1625 481 1690 filius
510 1629 560 1690 est
583 1647 641 1690 seu
664 1628 757 1708 pater
780 1625 849 1692 siue
872 1630 1050 1708 utrumque.
1096 1648 1150 1691 ne·

131 1739 206 1801 que,
235 1721 272 1781 ut
295 1714 418 1798 laudet,
445 1715 556 1799 exig03
586 1718 647 1798 set,
674 1718 712 1778 ut
735 1717 834 1798 amet,
861 1716 1000 1800 postulo.
1045 1735 1150 1800 neque

130 1827 216 1871 uero·
231 1827 318 1869 nunc
341 1806 468 1887 patrem
492 1825 600 1868 meum
623 1803 731 1882 laudo,
754 1804 841 1888 quod
864 1805 919 1869 illc
937 1826 1003 1870 non
1022 1807 1096 1890 eget
1116 1807 1150 1868 et

131 1915 190 1980 ego
209 1893 358 1959 functum
379 1892 595 1957 oblectatione
613 1893 795 1957 uiuentium
812 1915 946 1959 onerare
959 1916 1024 1959 non
1039 1892 1150 1958 debeo.

129 2005 234 2068 neque
259 1983 331 2047 dico
355 1980 420 2046 nisi
445 1981 528 2066 quod
552 1990 742 2067 agnoscunt,
766 1983 822 2067 qui
838 1984 925 2068 parti
944 1982 1060 2047 aetatis
1080 1983 1149 2046 eius
1169 1984 1202 2033 10

129 2071 359 2138 interfuerunt.
417 2069 535 2135 falsum
568 2093 620 2135 mc
653 2082 759 2135 autem
791 2078 895 2136 morte
929 2072 1026 2152 [eius]
1058 2070 1146 2136 obita

129 2162 237 2226 dicere
260 2164 294 2225 ct
311 2181 424 2224 uerum
443 2163 552 2224 tacere
571 2160 715 2224 ciusdem
734 2161 857 2244 piaculi
875 2161 1034 2225 existimo.
1069 2160 1149 2224 ima-

130 2251 200 2336 gini
227 2249 331 2334 ipsius
359 2249 395 2312 hi
422 2270 536 2312 uersus
560 2249 737 2332 subscripti
762 2253 838 2314 sunt
859 2270 961 2331 neque
984 2249 1093 2314 minus
1116 2249 1150 2313 in

130 2339 361 2424 opusculorum
390 2358 537 2401 meorum
565 2339 681 2403 scriem
703 2339 808 2405 relati.
855 2338 922 2402 alia
944 2338 1054 2404 omnia
1077 2360 1150 2403 mea

130 2428 306 2514 displicent
329 2425 421 2511 mihi3
444 2425 507 2491 hoc
529 2428 681 2509 relegisse
705 2449 787 2493 amo.
1169 2443 1202 2492 15

173 2604 306 2671 Nomen
328 2625 389 2689 ego
415 2604 593 2689 Ausonius,
617 2626 684 2670 non
707 2605 842 2669 ultimus
866 2608 935 2669 arte
959 2604 1105 2669 medendi

220 2693 275 2777 ut,
300 2714 373 2758 mea
395 2694 424 2758 si
446 2715 560 2758 nosses
584 2697 746 2778 tempora,
769 2693 893 2777 primus
917 2715 1015 2760 erem.

173 2781 311 2848 Vicinus
335 2782 432 2847 urbes
457 2783 543 2847 colui
565 2782 736 2867 patriaque
760 2783 935 2866 domoque,

219 2869 363 2937 Vasates
387 2871 508 2956 patria,
532 2871 588 2936 sed
611 2872 678 2937 lare
701 2871 922 2958 Burdigalam.

128 2997 346 3006 ——-——-—-.-

202 3051 238 3100 38
256 3045 321 3117 talis
338 3046 383 3116 Vl
398 3043 552 3116 relligionis
573 3046 600 3099 V
652 3052 685 3100 39
706 3046 864 3102 stauilitum
883 3046 921 3102 V¹
975 3051 1010 3102 40
1023 3045 1148 3117 glorifdi-

129 3121 210 3172 catus
229 3116 255 3187 (f
270 3117 306 3172 al.
325 3117 417 3186 ss.)V
493 3123 526 3171 41
545 3116 746 3188 terriginarum
770 3118 806 3172 V¹
877 3123 913 3172 42
932 3118 1114 3192 epternaeV

199 3205 255 3261 IIII
279 3221 381 3261 ruerem
400 3225 560 3262 armcamou
578 3226 607 3261 ru
624 3224 709 3261 ranan
725 3212 729 3275 Ι
745 3226 876 3263 runsnmo
894 3227 921 3262 ru
940 3224 1023 3262 arrosa
1044 3207 1071 3260 V
1132 3213 1145 3260 1
1178 3210 1208 3262 V

127 3277 231 3347 poe‘V
274 3277 397 3347 lgrecis
411 3277 439 3331 V
481 3279 649 3333 9honerere
664 3277 691 3332 V
735 3283 767 3332 11
787 3277 848 3333 eius
866 3280 917 3334 del.
928 3277 1042 3334 Schenkl
1057 3279 1062 3346 Ι
1078 3276 1149 3332 obite

130 3352 172 3418 (ta
186 3349 222 3405 ol.
237 3365 331 3417 recor„
344 3366 391 3419 pr.
406 3367 440 3406 m.
455 3351 581 3419 monuit)
601 3350 627 3404 V
676 3355 708 3404 13
727 3348 770 3421 his
788 3350 809 3419 (i
823 3351 903 3419 eras.)
923 3349 950 3403 V
998 3354 1031 3404 15
1046 3349 1112 3404 mici
1125 3349 1153 3404 V

199 3435 307 3508 Incipit
325 3437 473 3506 epicedion
490 3438 520 3493 in
534 3441 673 3508 patreml
699 3438 804 3508 incipit
818 3436 973 3507 epicedion.
1001 3437 1139 3495 Ausonius
1146 3442 1204 3494 VZ

129 3509 283 3580 (Ausonius
302 3525 352 3563 om.
373 3509 409 3578 G)
429 3509 460 3564 in
480 3511 591 3580 patrem
612 3510 647 3565 de
664 3508 725 3564 uita
743 3509 792 3564 lua
812 3509 867 3564 Tc
922 3515 936 3562 1
957 3508 1069 3564 infimus
1088 3511 1114 3564 Τ

129 3587 145 3636 2
163 3595 267 3636 nosces
288 3579 316 3635 θ
335 3580 443 3648 quaeris
463 3581 489 3636 Τ
544 3587 561 3635 4
579 3583 705 3638 uessates
720 3581 747 3634 Ζ
760 3579 765 3654 Ι
780 3598 809 3636 u.
828 3586 846 3636 6
864 3586 929 3636 aute
946 3597 973 3636 u.
994 3585 1011 3636 5
1028 3583 1086 3648 (sed
1102 3597 1146 3650 pr.
