2516 3954
447 213 484 222 -
531 193 664 240 LXXXXI
712 212 748 222 ·-·

91 335 150 401 267
175 335 385 418 Arboriusr,
408 335 548 401 Ausonii
570 339 725 418 paternus
745 358 834 420 auur,
859 336 990 421 eiusque
1009 341 1102 422 pater

173 425 353 510 proscripti
371 445 525 510 „regnum
545 445 618 488 cum
631 422 818 490 Victorinus
838 425 975 490 haberet
988 426 1103 492 ductor

174 519 209 578 et
248 515 283 578 in
326 514 472 580 Tetricos
500 513 627 578 recidit
663 513 865 597 imperium“.
924 522 997 588 (Par.
1026 531 1056 597 4,
1085 531 1101 582 8

176 599 210 654 cf.
226 599 345 670 Eutrop.
360 600 426 654 VIII
440 605 511 655 a10
525 597 651 654 Tetricus
665 599 740 668 apud
756 599 936 670 Burdigalam
951 617 1103 670 purpuram

176 672 297 742 sumpsit
316 675 352 742 (a.
371 673 444 742 272).
472 670 593 726 Trebell.
613 671 682 726 Poll.
702 670 779 724 XXX
799 673 852 740 tyr.
872 677 887 725 6
908 673 936 725 et
954 676 1011 740 Ml:
1031 673 1102 744 puto

175 741 252 798 inter
270 745 322 798 has
336 743 413 813 ipsas
426 743 524 798 turbas
539 759 602 796 cum
617 743 698 810 pater
713 740 824 796 exulare
839 744 993 812 cogeretur,
1012 743 1101 798 tilium

175 831 236 869 esse
250 818 356 881 natum,
372 815 421 884 qni
434 815 500 884 post
508 812 538 866 in
548 811 679 866 Tarbella
689 812 805 867 ciuitate
816 812 995 869 matrim0nio
1006 831 1099 869 secum

176 885 267 940 iunxit
285 885 436 941 Aemiliam
456 882 631 940 Corinthiam
649 883 784 938 Mauram.

91 975 228 1061 russato
242 982 339 1043 natus
355 981 406 1042 est
419 976 544 1041 Iulius
560 975 754 1040 Ausonius
766 973 1102 1062 Cossiochasatum,

175 1066 215 1131 D.
238 1065 352 1152 Magni
376 1066 514 1132 Ausonii
542 1067 649 1150 pater,
676 1064 820 1130 medicus
847 1063 1102 1150 Burdigalensis,

176 1156 304 1240 utrique
325 1155 432 1221 curiae
451 1158 484 1219 et
498 1153 664 1219 Romanae
679 1157 711 1218 et
724 1152 953 1240 Burdigalensi
966 1154 1100 1220 honoris

176 1266 271 1310 causa
287 1244 479 1329 adscriptus.
508 1250 609 1318 (Praef.
623 1252 637 1306 Ι
653 1259 694 1307 13.
720 1251 915 1322 Epiced.·1.5.
940 1253 1002 1308 Par.
1020 1259 1043 1322 1,
1061 1259 1101 1308 13.

174 1330 325 1386 Marcellus
336 1328 546 1400 Burdigalensis
560 1328 590 1382 in
604 1328 727 1396 epistula
739 1328 863 1398 praefixa
875 1329 948 1384 libro
961 1330 996 1384 dc
1005 1346 1035 1384 re
1045 1347 1102 1384 mc-

176 1403 253 1456 dica:
273 1401 352 1470 „Nec
370 1401 461 1456 solum
479 1399 588 1454 ueteres
605 1397 762 1454 medicinae
782 1400 851 1454 artis
871 1402 999 1455 auctores
1014 1401 1102 1456 latino

176 1473 313 1528 duntaxat
341 1488 469 1526 sermone
495 1470 680 1540 perscriptos,
708 1469 755 1525 oui
782 1471 824 1525 rei
846 1488 961 1540 operam
983 1475 1101 1540 uterque

175 1543 284 1598 Plinius
309 1546 339 1598 et
356 1541 491 1612 Apuleius
511 1544 540 1596 et
559 1541 655 1596 Celsus
675 1542 704 1595 ct
722 1541 893 1613 Apollinaris
913 1559 946 1598 ac
964 1542 1101 1611 Designa-

174 1614 268 1670 tianus
292 1613 398 1683 aliique
423 1612 552 1669 nonnulli
574 1613 661 1668 ctiam
683 1613 812 1682 proximo
829 1615 957 1682 tempore
975 1612 1100 1668 illustres

175 1685 328 1741 honoribus
342 1684 405 1750 uiri,
421 1685 496 1740 eines
511 1701 544 1738 ac
557 1682 678 1738 maiores
688 1683 787 1752 nostri,
802 1683 937 1751 Siburius‚
951 1683 1102 1755 Eutropius

175 1760 259 1826 atque
275 1755 416 1812 Ausonius
435 1755 655 1822 commodarunt,
674 1754 796 1809 lectione
816 1757 952 1810 scrutatus
972 1759 1052 1809 sum“
1068 1787 1101 1794 -

175 1831 205 1882 ct
232 1844 293 1897 cap.
319 1833 353 1882 25
381 1846 409 1897 p.
433 1832 499 1881 1⁷2:
528 1827 684 1894 „Ausonius
712 1823 863 1880 medicus“.
901 1825 933 1880 ln
961 1825 1101 1896 palatium

175 1901 308 1954 uocatum
328 1915 391 1952 eum
410 1898 496 1953 fuisso
515 1896 640 1968 Scaliger
658 1897 798 1966 putabat.)

97 2010 118 2055 a
135 1989 196 2056 308
220 1991 347 2055 Iulius
366 1989 564 2054 Ausonius
582 1989 616 2053 in
631 1990 876 2053 matrimonium
890 1989 977 2053 ducit
991 1988 1101 2054 Aemi·

175 2081 253 2144 liam
283 2079 453 2160 Aeoniam,
482 2078 615 2150 Arborii
642 2077 744 2141 filiam
773 2086 846 2151 (Par.
871 2094 895 2142 a.
928 2087 1043 2158 Epiced.
1067 2095 1100 2144 37

177 2165 340 2234 coniugium
367 2181 418 2232 per
445 2165 534 2218 lustra
545 2171 548 2174 ’
559 2179 660 2217 nonem
676 2206 682 2219 .
698 2207 725 2220 ..
745 2180 832 2217 unum
850 2163 957 2218 habui.
974 2207 980 2221 .
1000 2167 1101 2233 gnatos

177 2238 312 2306 quattuor
331 2235 490 2304 edidimus).

98 2349 118 2393 c.
135 2328 195 2394 309
228 2328 374 2392 nascitur
405 2327 507 2392 filiola
539 2326 678 2390 Aemilia
706 2325 849 2392 Melania
881 2333 964 2404 (quae
992 2337 1101 2391 lactans

175 2413 254 2481 obiit,
273 2412 386 2482 Epiced.
407 2418 453 2478 393
477 2428 533 2468 uno
553 2411 666 2467 consule
686 2411 776 2467 maior
795 2413 892 2480 fratre,
917 2411 979 2466 Par.
999 2417 1042 2480 29,
1061 2414 1100 2481 4).

99 2527 121 2570 c.
138 2506 199 2572 310
230 2517 387 2571 oncruvs
415 2497 559 2570 uranus
588 2521 758 2569 nvsoruvs
790 2513 871 2580 (haee
898 2514 1013 2569 nomina
1036 2514 1102 2568 libri

175 2591 254 2647 PGB
275 2590 465 2661 suppeditant,
484 2590 540 2646 uid.
559 2591 640 2646 notas
655 2590 690 2645 ad
709 2596 946 2660 p.17.144.154.
965 2596 1024 2658 169,
1039 2596 1100 2645 282.

179 2675 240 2741 118)
274 2666 418 2730 nascitur
451 2663 646 2750 Burdigalae
681 2673 754 2740 (Par.
780 2681 823 2742 aa,
847 2681 871 2730 4.
913 2673 1028 2744 Epiced.
1053 2680 1101 2730 41:

178 2751 335 2820 maximus).

177 2843 409 2926 Praeceptores
423 2841 545 2925 primae
556 2841 713 2924 pueritiae
723 2841 750 2906 is
761 2841 877 2906 habuit
886 2841 1101 2908 Macrinum

176 2941 261 3007 (Prof.
273 2947 315 3010 10,
327 2940 380 3010 11),
394 2953 491 3015 porro
503 2929 643 2995 Graecos
654 2931 884 3016 grammaticos
900 2929 1101 2996 Romulum

176 3025 208 3085 et
221 3018 466 3086 Corinthium
482 3028 567 3094 (Prof.
579 3026 668 3098 8,10).
688 3018 864 3102 plurimum
874 3042 951 3084 uero
962 3019 1102 3084 debebat

175 3110 315 3194 Magno
339 3108 508 3173 Arborio
526 3109 696 3192 auunculo,
719 3108 770 3172 cui
789 3109 903 3191 primis
923 3108 1016 3173 annis
1035 3112 1099 3172 tra·

175 3198 261 3263 ditus
276 3198 400 3281 placuit
418 3205 491 3272 (Par.
506 3214 531 3276 a,
549 3213 590 3262 19.
613 3206 676 3261 Par.
695 3213 740 3273 163
759 3202 887 3276 inprims
903 3206 936 3262 ef.
951 3206 1014 3260 Par.
1030 3212 1055 3274 3,
1070 3213 1100 3261 a:

175 3283 247 3338 mihi
266 3285 315 3352 qui
332 3281 418 3338 fueris
437 3283 512 3352 quod
526 3284 607 3352 pater
622 3282 806 3352 ctgenetri13
826 3282 875 3351 qui
889 3299 933 3336 me
947 3281 1101 3338 lactantem

174 3385 292 3440 puerum
320 3367 507 3435 iuuenemque
534 3367 682 3434 uirumque
710 3367 817 3421 artibus
845 3365 970 3432 ornasti).
1017 3357 1102 3422 inter

175 3447 414 3531 condiscipulos
450 3450 518 3511 erat
546 3445 741 3530 Luciolus,
773 3450 849 3529 post
880 3447 1038 3532 magister
1070 3451 1103 3512 et

174 3538 312 3622 conlega
333 3534 472 3601 Ausonii
496 3543 622 3613 (Prota,
639 3543 673 3614 1),
692 3535 879 3600 Leontius
904 3543 988 3610 (Prof.
1010 3552 1101 3614 r,13:
