2534 3954
515 181 758 246 -170—

128 343 174 410 Et
196 345 341 409 correcta
362 341 469 427 magis
492 362 590 425 quam
612 338 829 407 condemnata
851 343 992 430 uocabo,

172 431 326 516 Adponet
350 430 437 497 docti
459 450 541 515 quae
565 429 645 493 mihi
667 430 747 495 lima
770 431 841 496 uiri.

129 520 259 587 Interea
282 519 409 586 arbitrii
433 518 596 585 subiturus
619 517 765 602 pondera
787 521 875 587 tanti

174 608 318 696 Optabo,
341 614 377 675 ut
398 609 559 694 placeam:
583 608 612 672 si
635 607 757 692 minus,
780 614 818 675 ut
840 609 973 679 lateam.

76 819 102 864 11
115 822 171 872 [³00]
563 799 764 856 PROLOGVS.

131 928 263 1014 Septem
287 928 461 1013 sapientes,
483 949 602 994 nomen
625 928 742 1012 quibus
765 928 854 995 istud
877 929 965 996 dedii

131 1017 284 1104 Superior
308 1019 396 1082 aetas
419 1038 479 1081 nec
502 1019 615 1082 secuta
637 1017 785 1102 sustuIIt,

129 1106 236 1172 Hodie
259 1106 294 1170 in
317 1105 517 1172 orchestram
540 1106 668 1190 palliati
691 1106 859 1191 prodeunt

130 1195 214 1272 Quid
237 1194 399 1260 erubescis
422 1198 473 1278 tu,
495 1197 610 1280 togate
632 1193 784 1278 Romule,

131 1281 288 1350 Scaeuam
312 1283 397 1368 quod
420 1283 602 1350 introibunt
623 1286 693 1352 tam
716 1285 796 1349 clari
820 1285 905 1351 uiri?

130 1370 236 1438 Nobis
259 1372 443 1457 pudendum
466 1372 542 1451 hoo,
564 1394 631 1440 non
655 1375 688 1436 et
710 1372 831 1438 Atticis
855 1395 995 1459 quoque:

131 1461 256 1538 Quibus
278 1462 442 1534 theutrum
466 1462 573 1527 curiae
595 1461 730 1547 praebet
751 1462 865 1528 uicem.

130 1549 262 1617 Nostris
284 1552 414 1636 negotis
438 1572 497 1616 sua
518 1550 592 1616 loca
615 1550 732 1616 sortito
756 1549 848 1616 data:

132 1637 274 1725 Campus
298 1640 452 1722 comitiis,
474 1643 512 1705 ut
535 1639 729 1724 conscriptis
753 1640 853 1723 curia,

130 1727 251 1793 Forum
275 1732 371 1812 atque
393 1731 502 1792 rostra
525 1731 655 1812 separat
678 1729 728 1792 ius
752 1728 880 1794 ciuium.

131 1814 206 1882 Vna
229 1820 279 1881 est
301 1815 441 1881 Athenis
465 1819 562 1902 atque
585 1817 620 1881 in
644 1817 734 1881 omni
757 1815 893 1883 Graecia

130 1903 183 1969 Ad
206 1903 437 1972 consulendum
460 1904 583 1989 publici
606 1904 699 1971 sedes
723 1906 800 1991 loci,

131 1993 236 2070 Quam
259 1995 294 2060 in
316 1993 395 2059 urbe
418 1998 531 2059 nostra
555 2015 628 2059 sero
651 1994 745 2059 luxus
770 1995 922 2063 condidit.

131 2083 258 2149 Aedilis
282 2083 362 2149 olim
386 2105 536 2148 scaenam
559 2083 744 2148 tabulatam
768 2084 867 2150 dabat

132 2169 248 2238 Subito
272 2172 445 2237 excitatam
470 2172 561 2237 nulla
583 2173 671 2238 mole
694 2194 799 2238 saxea

130 2260 266 2327 Murena
290 2261 336 2326 sio
359 2265 392 2327 et
417 2260 558 2327 Gallius:
581 2264 661 2327 nota
684 2262 827 2346 eloquar.

202 2460 236 2508 99
252 2471 292 2522 sq.
312 2453 347 2509 cf.
367 2452 447 2510 Corn.
466 2453 562 2579 Nppos
580 2454 667 2523 prael.
688 2459 704 2509 5

202 2531 238 2650 ii
256 2525 387 2680 iibriii]
402 2523 501 2654 gioexrlo
519 2530 702 2680 priollurena
719 2614 742 2653 c.
759 2603 792 2654 19
811 2601 858 2668 (38
871 2600 953 2669 sqq.).
983 2599 1056 2656 Plin.
1075 2619 1103 2656 n.
1122 2601 1149 2655 h.

131 2665 249 2722 XXXIII
259 2673 293 2726 53
313 2667 434 2742 Gallius]
450 2667 485 2724 cf.
496 2665 634 2725 Asconius
648 2687 679 2724 m
689 2671 759 2728 orat.
769 2669 799 2726 in
808 2673 877 2742 loga
886 2669 1009 2730 candidu
1016 2690 1045 2744 p.
1057 2677 1092 2730 88
1104 2671 1150 2728 Or.
1249 2701 1250 2706 κ

131 2778 345 2789 -----

204 2852 236 2901 16
252 2846 388 2917 adponet]
404 2846 431 2900 V
444 2847 448 2915 Ι
464 2845 531 2900 mici
550 2846 577 2900 V
587 2847 675 2902 michi
688 2848 717 2903 P
770 2854 801 2902 17
818 2849 914 2905 subitti
928 2852 986 2920 (rus
1000 2851 1037 2906 al.
1052 2854 1153 2922 moro.)

132 2916 314 2987 Plpondere
339 2917 377 2971 V¹
445 2922 479 2972 18
498 2916 602 2973 obtubo
626 2919 664 2975 V¹
733 2926 766 2976 19
784 2919 910 2977 ¹stu‘1ol.
930 2937 999 2978 corr.
1024 2922 1052 2977 V
1118 2929 1153 2978 20

131 3041 183 3080 nec
207 3025 304 3079 secuta
321 3040 373 3091 rec
392 3023 421 3077 P
503 3029 536 3079 21
555 3024 641 3080 hodie
660 3003 679 3096 (i
703 3027 729 3080 V
748 3027 833 3082 hodie
852 3043 941 3100 quoqu
965 3027 993 3083 V
1010 3044 1081 3086 corr.
1101 3030 1153 3084 Pi·

131 3114 225 3171 tboeus
240 3114 245 3185 Ι
261 3112 291 3167 in
310 3111 426 3168 orcistri
445 3113 472 3167 V
488 3112 518 3167 in
535 3113 627 3170 hortis
645 3115 706 3170 tam
724 3116 753 3170 P
822 3102 986 3173 aa'iimnle
1010 3117 1038 3171 V
1117 3123 1153 3172 93

133 3185 277 3258 scaenam]
302 3184 329 3239 V
351 3185 356 3258 Ι
381 3182 532 3240 introimnt
555 3185 582 3239 V
661 3191 697 3240 24
715 3204 772 3241 non
790 3202 840 3243 om.
866 3187 894 3241 V
977 3193 1011 3246 96
1029 3188 1154 3260 negotiis

138 3257 198 3311 VP
214 3273 322 3326 ccrap
393 3261 428 3310 97
448 3255 613 3312 conscribtis
636 3257 663 3311 V
733 3263 767 3312 98
787 3259 880 3327 adque
903 3258 938 3313 V¹
954 3261 1091 3384 ppsparat
1108 3259 1154 3316 ius

133 3327 257 3400 scaliger
265 3331 321 3398 2,1
341 3325 477 3397 separatis
496 3327 553 3381 VP
604 3332 638 3382 99
658 3328 749 3397 adque
766 3329 823 3400 V¹l
845 3330 940 3385 omina
994 3331 1112 3402 lgrecia
1130 3329 1156 3386 V

133 3468 162 3522 P
187 3405 221 3454 30
239 3399 347 3470 publici
366 3399 439 3454 sedis
454 3399 481 3453 V
496 3397 617 3470 publicis
632 3397 693 3482 edis
703 3399 732 3453 P
747 3415 817 3458 corr.
836 3402 964 3488 Vpolctus
1018 3407 1051 3457 31
1067 3419 1154 3472 quem

132 3538 170 3593 sit
190 3539 230 3593 P·
242 3470 540 3610 pagplcliappaprpig'uel
557 3471 777 3598 ibaabioiiitirinb.
788 3473 909 3600 (ibiibi
915 3472 1155 3616 miribilibus&
