2516 3954
491 195 707 258 -22-

136 351 233 418 Curia
256 374 307 417 me
331 353 449 438 duplex
471 357 505 418 et
527 357 662 438 uterque
687 359 818 421 senatus
841 356 985 423 habebat
1096 378 1113 426 o

180 441 323 507 Muneris
348 446 523 528 exsortem,
546 443 676 508 nomine
700 444 903 529 participem.

134 529 209 596 Non
233 532 369 615 opulens
393 554 451 597 neo
475 553 584 618 egens,
609 554 725 616 parcus
749 534 819 598 sine
843 535 991 600 sordibus
1016 537 1087 622 egi:

180 619 326 706 Victum,
349 620 512 706 habitum,
537 643 643 686 mores
668 643 796 706 semper
819 624 931 688 eadem
954 625 1064 690 habui.

135 707 287 774 Sermone
310 711 519 794 inpromptus
541 710 650 793 Latio,
674 733 787 776 uerum
809 712 922 778 Attica
945 713 1057 796 lingua

179 797 313 864 Suffecit
336 799 417 864 culti
440 799 574 864 uocibus
598 799 727 884 eloquii.
902 793 907 804 ’
1079 821 1113 870 10

136 885 250 971 Optuli
273 909 368 971 opem
391 889 516 952 cunctis
541 889 751 974 poscentibus
776 891 858 954 artis
881 891 1045 975 inemptae

27 1059 31 1064 .
181 975 397 1061 Officiumque
421 999 530 1043 meum
553 999 627 1043 cum
649 977 770 1060 pietate
793 978 866 1043 fuit.

14 1059 50 1098 ''-
135 1064 298 1131 Iudicium
321 1065 359 1129 de
384 1087 434 1130 me
458 1065 567 1130 studui
590 1070 756 1149 praestare
781 1067 955 1132 bonorum:

177 1154 252 1238 Ipse
277 1153 358 1218 mihi
380 1176 572 1240 numquam,
595 1155 699 1221 iudice
722 1177 788 1240 me,
811 1157 927 1240 placui.

135 1241 251 1308 Officia
273 1244 306 1307 in
330 1243 450 1308 multos
474 1243 603 1308 diuerso
626 1244 738 1310 debita
761 1245 851 1336 cultu
1077 1264 1111 1312 15

178 1332 342 1414 Personis,
365 1331 504 1416 meritis,
527 1341 672 1418 tempore
695 1333 856 1398 distribui.

132 1421 262 1486 Litibus
286 1421 443 1486 abstinui:
466 1443 533 1486 non
555 1422 643 1506 auxi,
667 1444 733 1487 non
757 1423 859 1488 minui
883 1445 966 1507 rem3

176 1508 286 1575 Indice
310 1533 361 1575 me
384 1511 507 1594 nullus,
532 1514 582 1575 set
604 1532 707 1595 neque
731 1514 828 1595 teste,
852 1511 946 1596 perit.

131 1598 238 1664 Inuidi
260 1621 450 1684 numquam3
475 1621 589 1683 cupere
614 1603 711 1684 atque
736 1601 859 1666 ambire
883 1600 1003 1686 refugi3

176 1687 286 1752 Iurare
310 1691 367 1752 aut
390 1687 511 1752 falsum
535 1688 640 1753 dicere
663 1711 724 1773 par
746 1689 856 1754 habui.
1077 1708 1113 1758 20

131 1774 244 1842 Fectio
268 1798 319 1840 me
343 1776 408 1840 sibi
431 1798 512 1861 non,
534 1799 599 1843 non
623 1778 805 1843 coniuratio
830 1779 951 1844 iunxit:

180 1863 312 1930 Sincero
337 1865 423 1931 colui
446 1866 576 1931 foedere
600 1867 769 1932 amicitias.

133 1953 272 2020 Felicem
296 1954 375 2020 sciui
398 1976 463 2019 non
487 1955 555 2039 qui,
579 1955 664 2039 quod
687 1957 800 2040 uellet,
822 1957 973 2040 haberet,

177 2042 235 2108 Set
257 2044 311 2128 qui
335 2066 392 2128 per
415 2042 520 2107 fatum
542 2066 609 2108 non
631 2044 708 2109 deta
730 2066 798 2109 non
821 2049 959 2129 cuperet.

132 2133 207 2198 Non
231 2136 432 2216 occursator,
454 2154 521 2197 non
545 2133 708 2218 garrulus,
733 2132 830 2198 obuia
854 2155 1002 2213 cernens,
1077 2151 1113 2202 25

176 2221 292 2287 Valuis
317 2225 349 2286 et
371 2222 445 2287 uelo
470 2221 602 2287 condita
624 2243 692 2286 non
716 2223 789 2287 adii.

131 2310 279 2391 Famam,
302 2332 384 2394 quae
407 2314 519 2395 posset
541 2310 644 2375 uitam
667 2312 810 2376 lacerare
833 2311 1009 2396 bonorum,

177 2399 253 2464 Non
275 2400 355 2464 finxi
378 2402 422 2484 et,
446 2421 558 2464 ueram
582 2400 610 2464 si
635 2400 774 2484 scierim,
797 2401 893 2466 tacui.

132 2488 185 2553 Iro
207 2488 334 2573 procul,
358 2511 431 2572 spes
455 2511 542 2552 uana
565 2489 691 2574 procul,
714 2490 827 2574 procul
851 2489 948 2554 anxia
971 2510 1050 2554 cura

177 2576 279 2662 Inque
302 2577 397 2642 bonis
421 2576 590 2642 hominum
614 2578 734 2663 gaudia
756 2578 841 2642 falsa
864 2578 986 2663 procul.
1074 2595 1109 2644 ³0

88 2825 168 2892 corr.)
193 2823 220 2876 V
290 2783 487 2878 babebatV1
560 2826 720 2879 texortem
742 2823 798 2878 PG
818 2825 823 2892 Ι
844 2838 943 2877 muner
968 2823 1040 2892 (dcl.)
1060 2839 1112 2876 no-

88 2894 210 2948 mineT
264 2901 355 2950 ‘cnon
373 2895 500 2965 locuples
515 2895 541 2950 G
556 2898 561 2966 Ι
577 2898 675 2966 partus
690 2895 716 2950 G
731 2896 736 2963 Ι
753 2897 813 2966 einp
833 2894 877 2964 Vl
894 2893 940 2964 egi
957 2895 992 2949 iu
1009 2910 1065 2949 ras.
1087 2894 1114 2947 V

126 3007 142 3055 9
160 3001 318 3070 inpromtus
343 3001 369 3055 V
385 2978 542 3072 improiitus
564 3001 792 3087 Timpromptus
812 3002 857 3058 Gr
872 3003 877 3071 Ι
893 3001 986 3056 actico
1006 3000 1032 3054 Τ

94 3097 125 3145 11
146 3088 250 3162 optuli]
276 3089 331 3145 VG
347 3093 352 3160 Ι
371 3090 514 3160 inemptae
533 3091 559 3146 G
579 3090 694 3160 ineptae
712 3091 820 3146 ataid.
842 3091 880 3145 V²
898 3091 1012 3159 ineptae
1036 3089 1111 3144 VTl.

130 3168 234 3217 13-16
253 3178 304 3218 om,
324 3163 351 3215 Z
440 3168 474 3216 14
492 3162 560 3216 mici
583 3162 767 3232 Vlmiquam
792 3163 818 3217 V
905 3167 937 3216 15
957 3160 1052 3216 deuito
1075 3160 1114 3215 V¹

130 3239 163 3288 18
183 3234 278 3289 Iudice
300 3233 326 3288 Τ
338 3237 342 3301 Ι
363 3233 419 3305 set]
444 3233 502 3302 V¹1
523 3239 623 3301 quate
645 3251 735 3304 neque
755 3250 823 3290 erae
847 3233 994 3305 leerit]
1013 3231 1069 3286 fuit
1089 3232 1115 3286 Τ

128 3329 234 3379 re-se
253 3339 304 3379 om.
324 3323 351 3376 Ζ
424 3327 457 3376 1⁹
476 3322 567 3392 eoque
587 3322 625 3376 V¹
697 3327 732 3376 20
750 3322 818 3377 ebur
840 3320 879 3376 V¹
951 3327 984 3376 21
1005 3306 1113 3376 nonon-

91 3410 230 3494 coiuratio
255 3412 541 3480 (mundatiores)
566 3412 593 3466 V
667 3416 701 3466 23
719 3397 756 3467 ud
775 3410 815 3495 V·
851 3417 905 3496 ‚²4
924 3411 980 3536 sep)
1003 3409 1039 3464 V¹

91 3488 126 3538 25
156 3481 222 3537 Non
246 3482 271 3537 V
359 3488 394 3537 26
423 3482 459 3537 ed
483 3482 520 3536 V¹
610 3488 644 3536 28
672 3500 769 3538 ueram
793 3499 930 3538 srsc1enm
993 3497 1112 3536 sorerem

91 3552 220 3620 Schenkl,
247 3569 316 3607 uera
339 3554 363 3608 si
384 3571 441 3621 qua
458 3553 513 3608 fuit
532 3555 559 3607 Z
639 3559 815 3610 29—340212.
834 3556 861 3609 Z
940 3560 974 3609 29
993 3558 1064 3608 u⁸nn
1087 3553 1114 3606 V
