2538 3964
547 197 789 260 —421—

158 355 274 421 Inuida
297 377 354 420 eur
376 356 411 420 in
434 375 485 419 me
509 354 700 434 stimulasti,
722 353 830 438 Musa,
853 353 1034 441 Maronem,

202 444 359 530 Fingerct
380 446 418 509 ut
439 446 571 509 nostrae
595 444 712 509 damna
734 441 934 529 pudicitiae?

158 533 228 599 Vos
251 533 358 620 magis
381 532 559 616 historicis,
582 533 734 616 lectores,
758 533 875 598 credite
899 533 937 598 de
960 553 1024 618 me,
1139 547 1171 598 15

204 621 309 700 Quam
333 621 390 706 qui
411 621 501 687 furta
524 621 618 686 deum
642 621 896 707 concubitusque
919 623 1040 687 canunt

157 709 312 777 Falsidici
334 713 440 793 uates,
462 713 622 775 temerant
644 710 699 795 qui
722 711 866 775 carmine
889 731 1002 777 uerum

202 799 425 885 Humunisque
448 799 526 865 deos
550 800 733 865 assimilant
755 800 855 866 uitiis.

104 1081 143 1124 m
157 1083 280 1133 [mm]
303 1061 352 1117 on
371 1061 607 1118 nnuamouio
627 1061 862 1120 columna
876 1039 1073 1119 'minusca

159 1207 273 1273 ‘Arma
286 1206 468 1293 uirumque’
483 1208 601 1274 docens
616 1211 713 1292 atque
728 1207 831 1273 ‘arma
844 1207 1026 1293 uirumquc'
1040 1208 1174 1292 peritus,

202 1295 279 1363 Non
300 1297 378 1362 duxi
400 1317 547 1380 morem,
570 1297 628 1361 sed
650 1296 755 1380 magis
779 1319 882 1382 arma,
906 1297 1047 1362 domum.

157 1383 306 1471 Namque
329 1385 397 1450 dies
420 1388 510 1451 totos
532 1388 684 1470 totasque
708 1406 747 1450 ex
770 1385 882 1452 ordine
904 1385 1015 1451 noctes

202 1473 332 1540 Litibus
355 1475 523 1559 oppugnat
546 1495 662 1560 meque
685 1495 856 1559 meumque
879 1475 994 1558 larem3

157 1562 281 1648 Atque,
304 1565 342 1628 ut
364 1564 529 1648 perpetuis
553 1563 666 1629 dotata
690 1585 708 1628 a
732 1565 836 1627 matre
860 1562 990 1648 duellis,
1155 1579 1172 1628 o

202 1651 305 1716 Arma
327 1651 363 1715 in
385 1673 437 1716 mc
460 1651 562 1731 tollit,
585 1673 646 1732 neo
668 1651 764 1717 datur
786 1652 853 1716 ulla
877 1651 977 1736 quies.

158 1740 293 1826 Iamque
316 1741 513 1826 repugnanti
527 1740 651 1806 dedam
674 1763 740 1824 mo,
762 1745 800 1804 ut
823 1741 961 1825 denique
984 1741 1072 1808 uieta

202 1827 316 1914 Iurget
340 1829 382 1895 ob
406 1829 469 1894 hoc
492 1830 611 1915 solum,
633 1830 739 1916 iurgia
762 1829 847 1914 quod
870 1829 1004 1916 fugiam.

228 2056 268 2111 Ill
498 2049 665 2126 Ἅγαθίου
649 2075 666 2125 η
685 2056 833 2112 Kallatiai.

299 2146 398 2236 Μῆνιν
416 2139 496 2200 ἄειδε
516 2140 631 2232 μαθών
638 2144 689 2200 καὶ
707 2146 792 2231 μῆνιν
811 2139 891 2200 ἄειδε
904 2141 1030 2232 διδάξας

352 2213 473 2306 olltppiv
456 2235 509 2287 νην
528 2212 654 2304 γαμετὴν
672 2210 822 2286 ἠγαγόμην
840 2211 855 2272 ὁ
875 2213 1018 2280 τάλας·

300 2283 414 2343 Πᾶνδ’
433 2278 510 2374 ἦμαρ
525 2285 655 2373 palpatus
667 2289 717 2344 aul
733 2289 877 2358 παννυχίη
892 2264 1051 2375 acceptae,

291 2423 332 2485 Ἢ
353 2354 397 2484 ιῖιδςὲ
407 2355 486 2484 upupis
504 2359 554 2427 τῆς
563 2355 676 2484 pqspipo
694 2365 798 2427 προῖκα
803 2355 1064 2483 λαβοῦσαίμάχην.

329 2426 677 2569 ⁹omt⁰⁰0a⁶‘tt;0tt2,
680 2427 1046 2571 tlttltltttlist„

157 2605 192 2645 ex
210 2587 378 2643 Philostrati
404 2586 501 2642 codice
519 2585 692 2642 Boissonade
711 2588 747 2642 ad
766 2587 901 2643 eiusdem
907 2588 1098 2660 hcro1cump
1119 2595 1171 2645 638

157 2658 247 2716 edidit
265 2657 360 2728 (Anth.
376 2657 473 2714 Graec.
493 2657 537 2712 ed.
551 2657 654 2712 Jacobs
672 2659 693 2713 t.
708 2657 735 2712 II
754 2664 804 2713 747
821 2661 850 2714 ct
868 2659 975 2715 111885
995 2662 1021 2735 (c
1006 2661 1040 2715 cf.
1057 2660 1170 2719 Anthol.

157 2729 218 2785 Pal.
238 2729 319 2784 Vllll
338 2735 389 2786 168
408 2728 496 2800 (Plan.
515 2727 529 2782 I
549 2733 633 2800 17,1)

230 2947 264 2998 18
282 2942 451 2999 assimulant
474 2942 531 2999 VA

228 3031 268 3086 Ill
286 3031 328 3088 De
345 3032 467 3087 infausto
486 3031 527 3098 (in
540 3031 646 3088 Fausto
664 3030 702 3103 V)
721 3030 900 3087 matrimonio
919 3032 1097 3102 grammatici
1116 3033 1172 3088 ΡΑ

157 3107 175 3158 4
194 3119 308 3186 opp
251 3105 359 3174 ugntan
346 3104 412 3158 tM
429 3119 497 3158 σοιν.
513 3103 570 3158 Vn
625 3108 641 3157 5
661 3103 760 3158 dotata
778 3105 868 3158 matre
882 3102 992 3158 ΜΗ.
1008 3103 1171 3159 aMarteA

158 3179 174 3229 7
193 3178 269 3229 mola
288 3175 387 3245 Peiper
405 3174 496 3229 uictus
516 3175 553 3228 M
574 3173 681 3257 uictum
705 3173 732 3228 V
752 3173 840 3229 uitem
858 3176 886 3228 A
905 3174 981 3229 uicto
1001 3173 1136 3230 Heinsius

157 3245 231 3301 uitet
248 3245 350 3302 Hortcl
404 3250 420 3300 8
439 3245 533 3315 iurget
551 3244 669 3301 Parte.
661 3245 755 3315 1urgia
773 3245 810 3298 M
817 3245 874 3300 VA
