2532 3954
521 145 735 254 -cass-

53 422 118 470 {2051
183 401 243 457 XV.
275 397 489 456 NEPOTIANO
509 397 758 454 GRAMMATICO
772 397 888 454 EIDEM
904 399 1075 458 RHETORI.

207 527 339 608 Facete,
362 527 479 609 comis,
501 527 609 590 animo
632 526 775 591 iuuenali
799 547 913 610 senex,

208 615 270 682 Oui
292 615 367 679 felle
390 615 496 697 nullo,
518 614 613 678 melle
637 617 741 680 multo
765 637 857 680 mens
880 616 1012 682 madens

207 704 336 769 Aenum
358 725 416 787 per
438 723 534 767 omne
556 702 605 766 nil
629 725 775 768 amarum
797 704 942 771 miscuit:

177 843 179 848 .
205 792 348 857 Medella
368 792 487 874 nostri,
508 789 706 876 Nepotiane,
728 793 884 877 pectoris,

206 882 288 946 Tam
315 879 472 945 seriorum
495 901 593 964 quam
615 880 760 945 iocorum
781 881 955 966 particeps,
1115 902 1132 952 6

207 970 398 1046 Taciturne,
420 968 574 1052 Amyclas
598 969 655 1051 qui
678 968 803 1034 silendo
826 969 958 1036 uiceris:

207 1058 253 1124 Te
276 1057 478 1122 fabulantem
501 1077 567 1120 non
588 1055 701 1121 Vlixes
723 1057 898 1144 linqueret,

206 1146 320 1231 Liquit
343 1147 494 1210 canentes
517 1145 573 1228 qui
597 1146 740 1210 melodas
763 1147 919 1232 uirgines:

206 1235 314 1300 Probe
337 1236 371 1298 et
392 1232 522 1318 pudice,
543 1255 653 1316 parce,
676 1233 777 1320 frugi,
801 1236 972 1318 abstemie,

205 1321 370 1405 Facunda,
392 1321 474 1386 nulli
496 1320 665 1387 rhetorum
688 1324 803 1388 cedens
826 1324 901 1388 stilo
1098 1343 1131 1393 10

205 1412 253 1477 Et
274 1411 460 1496 disputator
483 1410 524 1474 ad
547 1407 728 1476 Oleanthen
751 1409 909 1477 Stoicum:

207 1499 364 1566 Scaurum
385 1498 593 1583 Probumque
615 1499 712 1564 corde
735 1499 856 1565 callens
879 1501 993 1567 intimo

205 1589 251 1654 Et
271 1587 409 1671 Epirote
433 1585 534 1652 Cinea
556 1609 681 1653 memor
703 1588 823 1672 magis:

207 1677 336 1744 Sodalis
359 1680 392 1740 et
414 1675 598 1762 conuictor,
619 1675 739 1760 hospes
762 1677 896 1761 iugiter:

205 1766 326 1831 Parum
349 1765 435 1849 quod
457 1763 590 1848 hospes,
613 1765 732 1830 mentis
756 1767 900 1850 agitator
922 1787 1021 1831 meae.
1098 1783 1130 1833 15

206 1853 352 1920 Oonsilia
372 1854 480 1918 nullus
504 1857 612 1919 mente
634 1856 703 1918 tam
726 1876 807 1937 pura
829 1853 918 1920 dedit

205 1942 268 2007 Vel
292 1941 407 2007 altiore
431 1941 563 2006 conditu
585 1941 669 2007 texit
691 1941 776 2007 data.

205 2031 341 2096 Honore
364 2031 450 2115 gesti
472 2029 675 2114 praesidatus
698 2030 843 2112 inclitus,

205 2119 321 2185 Decies
344 2140 488 2184 nouenae
511 2119 641 2184 functus
665 2139 823 2183 annorum
846 2119 948 2204 uices,

206 2207 299 2274 Duos
322 2206 508 2292 relinquens
530 2208 652 2272 liberos
677 2211 781 2273 morte
805 2208 947 2292 oppetis,
1095 2226 1129 2275 20
1251 2232 1253 2237 ·

187 2297 329 2384 ,Dolore
351 2296 455 2362 multo
478 2298 547 2359 tam
569 2300 700 2361 tuorum
723 2317 821 2382 quam
844 2317 925 2361 meo.

54 2519 118 2570 [Μ]
295 2496 368 2551 XVI.
402 2495 577 2550 AEMILIVS
596 2493 749 2550 MAGNVS
767 2495 951 2552 ARBORIVS

450 2576 603 2631 RHETOR
620 2575 793 2631 TOLOSAE.

112 2703 204 2769 Inter
227 2706 385 2788 cognatos
409 2703 474 2768 iam
497 2703 605 2787 fletus,
629 2704 798 2786 auunculo,
821 2725 932 2769 manes
1007 2744 1009 2750 ·

157 2793 249 2858 Inter
271 2791 453 2857 rhetoricos
476 2814 562 2858 nunc
585 2793 812 2858 memorandus
836 2792 908 2858 eris.

112 2881 199 2946 Illud
224 2901 306 2964 opus
329 2881 448 2965 pietas,
470 2881 558 2945 istud
580 2881 758 2946 reuerenda
780 2880 924 2946 uirorum

157 2969 304 3035 Nomina
326 2991 386 3052 pro
409 2969 536 3054 patriae
558 2969 726 3054 relligione
748 2969 900 3036 habeant

114 3113 330 3121 ..ῳ-...-

183 3179 237 3234 XV
256 3180 350 3234 canifi
368 3179 422 3234 mn*
441 3197 537 3234 aaroni
555 3178 583 3233 V
614 3181 703 3233 metro
722 3179 843 3236 iambico
863 3179 973 3234 senario
988 3181 1023 3234 al.
1041 3196 1127 3250 scorp.

120 3249 145 3304 V
214 3250 313 3306 aselli
336 3250 372 3305 V¹
458 3255 474 3304 3
492 3250 593 3304 aebum
615 3249 651 3304 V¹
731 3256 748 3304 4
773 3250 862 3306 nostri
879 3251 990 3305 medela
1014 3250 1129 3305 Vinctus

149 3328 164 3378 6
184 3320 304 3376 amiclas
329 3321 356 3376 V
434 3327 450 3376 8
469 3319 560 3388 liquid
583 3321 610 3374 V
687 3327 703 3375 9
730 3323 810 3392 prole
834 3321 861 3375 V
880 3337 949 3376 corr.
968 3321 1099 3392 Luyduu.
1122 3321 1125 3393 l

114 3393 269 3448 abstemiae
293 3391 330 3446 V¹
404 3397 437 3447 10
456 3393 580 3446 retornm
604 3391 641 3444 V¹
722 3399 755 3447 15
774 3408 853 3447 maes
870 3397 902 3447 at
919 3393 977 3446 aid.
1003 3391 1039 3444 V1
1065 3410 1109 3447 mc

116 3466 142 3530 (a
158 3466 221 3534 del.)
246 3463 285 3518 V²
304 3463 403 3532 (matra
426 3462 474 3516 V¹⁸
491 3463 570 3532 matrs
593 3462 651 3530 1⁷²⁵)
733 3469 768 3519 20
786 3463 888 3517 liueros
903 3462 939 3517 V¹
965 3464 969 3530 Ι
994 3463 1084 3518 morte
1104 3409 1131 3518 N

114 3538 233 3592 mortam
251 3534 376 3606 Souliper
445 3540 478 3589 21
499 3535 569 3589 deca
586 3534 606 3600 f.
626 3539 664 3590 12
683 3535 718 3590 uh
736 3535 762 3588 t.
781 3551 808 3589 u.
828 3534 865 3588 od
883 3549 904 3589 c.
922 3533 1029 3588 XXII
1044 3551 1085 3590 ero.
1104 3533 1132 3589 V
