2538 3964
498 181 740 245 -413-

112 340 301 425 Prolapsus,
324 338 424 424 Lyra,
448 338 545 421 Auis,
569 336 718 423 Cepheus
743 343 777 405 et
800 336 1001 425 Cassiopeia,
1082 387 1084 392 ,

6 439 8 514 ξ
111 429 236 514 Auriga
259 432 291 494 et
312 427 464 510 Perseus,
487 428 644 493 Deltoton
667 431 700 494 et
722 426 948 494 Andromedae
972 431 1106 513 astrum,

6 601 7 604 Ἴ
111 518 257 603 Pegasus
277 520 310 582 et
323 515 465 600 Delphin
486 516 674 602 Telumque,
694 515 816 602 Aquila
829 517 1125 602 Anguitenensque.

112 605 254 692 Signifer
276 604 351 671 inde
375 606 502 690 subest,
523 605 574 670 bis
599 627 656 670 sex
678 610 711 671 et
735 605 843 671 sidera
865 606 1029 690 complent
1109 623 1125 672 6

110 694 220 780 Hunc:
243 694 355 774 Aries,
377 693 517 778 Taurus,
541 692 684 778 Gemini,
708 693 843 780 Cancer,
866 693 947 778 Leo,
967 693 1081 780 Virgo,

112 783 223 867 Libra,
246 782 414 868 Scorpius,
435 781 669 868 Arquitenens,
693 780 910 868 Capricornus
935 786 967 848 et
990 805 1105 848 urnam

112 871 174 948 Qui
197 876 287 938 tenet
310 876 343 939 et
364 871 485 938 Pisces.
522 877 599 958 post
622 875 699 937 sunt
720 872 926 962 inpartibus
949 870 1063 938 Austri

111 961 225 1045 Orion,
248 961 410 1046 Procyon,
431 959 553 1046 Lepus,
576 960 692 1026 ardens
715 957 833 1044 Sirius,
856 961 961 1047 Argo,
1093 976 1126 1026 10

112 1049 257 1134 Hydrus,
280 1049 414 1132 Chiron,
436 1048 628 1116 Turibulum
651 1071 777 1135 quoque
800 1049 905 1116 Piscis
929 1055 962 1114 et
985 1049 1110 1135 ingens.

112 1137 196 1204 Hinc
220 1139 364 1225 sequitur
385 1138 509 1204 Pistrix
532 1138 630 1204 simul
653 1138 853 1224 Eridanique
876 1138 1006 1204 fluenta.

599 1329 626 1384 V

113 1435 280 1493 SVLPICIA
299 1435 490 1502 ovnfflrva
507 1435 809 1562 lssffiffiffiltllff.
829 1434 876 1490 ET
892 1435 1126 1491 rsnroarssvs

113 1632 220 1717 Musa,
244 1633 362 1717 quibus
385 1633 529 1698 numeris
552 1633 670 1699 heroas
694 1638 727 1699 et
750 1656 840 1700 arma
863 1635 1063 1719 frequentas,

113 1721 281 1787 Fabellam
304 1721 456 1807 permitte
480 1721 561 1787 mihi
584 1723 734 1788 detexere
756 1724 883 1808 paucis3

113 1810 199 1876 Nam
222 1809 285 1876 tibi
307 1811 425 1876 secessi
447 1815 555 1876 tecum
578 1812 746 1896 penetrale
768 1815 950 1878 retractans

115 1898 309 1965 Consilium:
333 1921 433 1984 quare
454 1922 514 1966 nec
537 1901 678 1965 carmine
702 1923 796 1966 curro
819 1901 995 1984 Phalaeco,

113 1988 183 2055 Nec
205 1989 353 2054 trimetro
376 1990 499 2073 iambo,
521 2011 582 2055 nec
605 1990 661 2074 qui
682 1990 765 2074 pede
787 1990 910 2056 fractus
935 1989 1047 2056 eodem
1112 2004 1127 2054 t

114 2077 255 2142 Fortiter
276 2078 375 2144 irasci
398 2078 510 2144 didicit
532 2078 611 2144 duce
635 2077 851 2145 Clazomenio.

114 2164 230 2232 Cetera
253 2167 466 2253 quinetiam,
489 2171 569 2253 quot
591 2168 741 2252 deinceps
764 2167 856 2233 milia
877 2167 941 2232 lusi

114 2254 287 2340 Primaque
310 2255 477 2322 Romanos
501 2256 595 2322 docui
612 2257 812 2338 contendere
835 2256 930 2321 Grais

113 2343 160 2408 llt
183 2343 306 2409 salibus
329 2345 455 2410 uariare
479 2345 586 2428 nouis,
610 2350 797 2412 constanter
820 2345 936 2411 omitto

185 2540 202 2590 8
229 2532 284 2589 lira
307 2535 369 2592 Vct.
398 2536 404 2602 Ι
433 2535 627 2605 casiopheaG
654 2535 813 2607 cassiiphaa
836 2537 873 2593 ys
901 2536 1044 2607 casiephia
1067 2537 1128 2592 Vua.

115 2605 305 2675 cassiopeaG
376 2604 542 2677 laurigam
563 2605 591 2660 V
615 2610 620 2677 Ι
649 2610 680 2662 et
697 2624 747 2662 om.
770 2606 824 2662 VO
894 2611 911 2660 ὅ
934 2607 1021 2663 delfin
1042 2607 1099 2665 Vc
1122 2608 1126 2680 l

115 2676 211 2746 aquila
228 2693 280 2733 om.
302 2676 364 2732 Vae.
437 2683 454 2732 8
473 2676 631 2732 arcitenens
649 2679 716 2732 latri
735 2680 740 2745 Ι
763 2693 834 2732 urna
853 2676 941 2733 CVG
1014 2684 1047 2734 10
1066 2695 1130 2749 pro·

115 2749 179 2803 cion
201 2748 228 2803 V
242 2764 360 2819 procum
383 2748 444 2804 Vct.
466 2750 470 2816 Ι
490 2748 614 2818 argosG
669 2754 702 2802 11
721 2748 797 2804 idros
821 2747 849 2802 V
862 2749 947 2819 ydros
970 2750 1033 2807 Vct.
1051 2749 1129 2820 ydris

117 2818 144 2876 G
164 2819 168 2888 Ι
193 2819 290 2874 cidron
313 2820 340 2875 V
359 2821 364 2890 1
388 2818 480 2891 pisces
498 2820 524 2875 θ

186 2907 212 2962 V
234 2907 350 2966 V-ed.
365 2926 408 2978 pr.
421 2909 630 2976 Vmatiis1498,
644 2909 711 2965 P=
720 2910 761 2965 cd.
772 2909 931 2966 Parmensis
942 2910 1048 2966 Tharioi
1061 2910 1088 2965 V
1102 2926 1129 2966 o

115 2979 163 3034 lati
171 2982 255 3047 1496,
273 2999 295 3034 ω
306 3005 341 3026 ==
352 2979 415 3035 PV
443 2979 523 3035 Decii
537 2979 634 3052 magni
647 2979 766 3037 Ausonii
781 2979 933 3051 Catalogus
946 2981 1036 3037 Vrbiri
1051 2927 1131 3038 nolti-

16 3116 20 3125 Ι
116 3049 157 3104 liri
176 3050 259 3106 Finit.
277 3053 282 3122 1
303 3050 425 3121 Sulpitia
440 3050 574 3122 Incipit!
602 3051 734 3118 Queritur
752 3052 787 3107 ds
806 3055 882 3108 stain
896 3053 1008 3123 Reipu.
1023 3052 1129 3108 &tem-

115 3119 230 3191 poribus
258 3121 422 3178 Domitiani.
446 3123 476 3176 P
509 3121 633 3193 Sulpitia
658 3121 760 3192 incipit
788 3123 815 3177 V
847 3122 999 3179 Heroioum
1022 3123 1131 3195 Sulpici

116 3207 236 3249 carmen.
251 3193 333 3250 LXX.
354 3193 586 3252 RVolaterroaas
606 3193 750 3250 Commeat.
768 3195 829 3251 urb.
847 3195 865 3250 l.
880 3195 933 3251 IV
947 3196 969 3263 f.
983 3194 1063 3251 LVI
1076 3197 1129 3263 (ed.

111 3280 158 3334 pr.
177 3263 257 3320 Rom.
276 3281 303 3320 c.
321 3268 408 3335 1506)
461 3265 612 3321 tuccessit
635 3265 662 3321 V
718 3272 846 3334 cneque
871 3265 898 3321 V
915 3268 919 3331 Ι
944 3265 1082 3335 phaleuco
1103 3267 1132 3320 P

115 3332 234 3405 phaleco
257 3335 285 3390 V
313 3335 448 3392 Phalaeei
470 3336 615 3407 Setiaeycr
640 3336 838 3404 fiPhalaeceo
915 3342 933 3391 t
955 3336 1063 3411 iambo]
1091 3355 1130 3394 aa

116 3407 259 3462 elumbo-
282 3406 363 3462 ede?
418 3406 552 3463 edidicit
573 3407 689 3464 Vinctus
706 3407 792 3463 discit
810 3428 831 3462 ω
888 3411 1025 3465 lcaetera
1042 3430 1064 3464 u
1091 3427 1130 3465 aa

116 3475 239 3560 Ludicra
250 3425 287 3548 lp!
302 3479 378 3548 quod
392 3478 512 3548 deniqne
526 3500 548 3533 ω
563 3495 632 3535 corr.
642 3479 743 3547 Pciper
761 3479 902 3548 quondam
912 3497 985 3548 quaa
996 3480 1130 3538 Heinsius

119 3548 238 3620 tmollra
255 3549 405 3607 Burmann
476 3551 652 3606 8Romanas
676 3551 790 3606 Vinctus
813 3552 817 3621 Ι
841 3550 929 3622 graiis
947 3573 969 3606 ω
