2540 3962
511 181 749 246 -268—

133 365 266 410 munere
289 342 488 429 frequenter,
512 362 576 426 quo
596 343 629 406 ct
648 340 793 405 oblector
811 343 844 403 et
861 341 1012 406 honoror.
1047 365 1156 409 acces·

135 432 442 606 dlluldblgadndllem
461 430 623 515 poeticam
641 429 759 494 mellea
778 428 931 495 adulatio.
968 431 1046 513 quid
1069 433 1157 498 enim
1174 448 1205 496 4ο

202 627 318 692 Audax
342 626 447 693 Icario
471 625 527 710 qui
549 625 626 690 fecit
649 625 783 690 nomina
806 627 908 707 ponto

201 717 247 780 Et
270 717 325 800 qui
349 714 552 780 Chalcidicas
576 712 741 779 moderate
765 713 875 813 enauit
899 712 939 776 ad
964 733 1072 799 arces,

135 838 199 904 nisi
231 843 268 903 ut
300 844 337 904 tu
369 844 521 924 uegetam
553 843 586 903 et
619 837 792 902 sublimem
825 836 1028 900 alacritatem
1062 842 1157 904 tuam

135 929 353 993 temeritatem
380 949 492 1009 uoces,
520 949 571 991 me
598 948 690 1010 uero,
720 929 753 989 et
781 924 965 989 consultum
994 928 1028 989 et
1056 949 1157 1010 quem
1174 941 1203 990 45

136 1018 221 1080 filius
259 1016 377 1080 debeat
411 1015 548 1098 imitari,
585 1014 722 1079 salutari
760 1013 930 1096 prudentia
966 1015 1157 1095 praeditum

137 1104 247 1169 dicas?
285 1104 371 1188 quod
393 1103 542 1189 equidem
566 1108 680 1168 eontra
699 1106 758 1167 est.
794 1123 871 1166 nam
894 1107 931 1166 tu
954 1123 1084 1167 summa
1108 1105 1158 1169 sic

137 1192 279 1276 adpetis,
302 1197 340 1257 ut
361 1215 427 1258 non
451 1192 593 1257 decidas:
618 1196 765 1256 senectus
784 1212 857 1254 mea
880 1191 961 1254 satis
983 1190 1102 1274 habet,
1129 1193 1158 1257 si

138 1281 304 1346 consistat.
341 1281 421 1347 hacc
445 1283 485 1346 ad
508 1285 541 1347 te
565 1281 707 1346 breuiter
730 1283 763 1343 et
786 1280 874 1344 illico
893 1280 1038 1364 uesperis
1061 1281 1158 1346 illius

138 1372 250 1434 secuto
281 1392 376 1436 mane
407 1371 537 1436 dictaui.
577 1370 625 1433 ite
654 1369 741 1433 enim
769 1368 962 1433 tabellarius
994 1371 1085 1452 tuus,
1118 1374 1159 1435 ut
1175 1384 1206 1432 50

138 1458 313 1542 epistulam
332 1459 477 1542 referret,
498 1459 649 1525 instabat.
682 1479 759 1521 nam
779 1457 806 1520 si
825 1457 906 1521 mihi
925 1459 1028 1520 otium
1046 1457 1158 1542 fuerit,

138 1547 333 1613 oblectabile
357 1550 524 1632 negotium
548 1548 612 1612 erit
634 1546 675 1611 ad
699 1551 731 1610 te
754 1545 913 1629 prolixius
937 1544 1091 1630 delirare,
1120 1550 1158 1612 te

138 1639 175 1700 ut
197 1636 341 1721 eliciam,
363 1637 445 1701 mihi
467 1641 504 1702 ut
527 1635 736 1700 satisfaciam.
773 1635 855 1700 uale.

86 1861 248 1966 xqpqxpa
354 1895 535 1952 avsomvs
554 1896 717 1952 reverso
739 1896 812 1951 sie.
831 1898 884 1950 m.
903 1897 936 1950 o.

139 2040 275 2106 Paulino
300 2041 472 2106 Ausonius,
509 2045 648 2106 metrum
673 2041 719 2106 sic
743 2041 859 2124 suasit,
882 2045 919 2105 ut
942 2061 1030 2105 esses

185 2127 234 2191 Tu
257 2130 347 2212 prior
370 2133 403 2193 et
426 2151 544 2194 nomen
566 2129 815 2215 praegrederere
839 2151 960 2213 meum3

141 2216 344 2300 Quamquam
368 2221 401 2281 et
422 2217 583 2282 fastorum
606 2219 704 2282 titulo
727 2219 818 2304 prior
841 2223 874 2282 et
896 2223 953 2283 tua
976 2217 1103 2285 Romae

185 2305 367 2371 Praecessit
388 2310 538 2371 nostrum
563 2307 643 2371 sella
666 2307 786 2371 curulis
810 2307 889 2371 ebur

212 2503 246 2551 42
267 2497 347 2553 Ovid.
358 2498 402 2552 Tr.
414 2497 427 2550 Ι
439 2504 462 2566 1,
471 2504 505 2553 90
518 2497 613 2553 Icarus
628 2499 725 2553 Icariis
740 2498 855 2553 nomina
867 2498 937 2554 fecit
950 2499 1037 2568 aquis.
1058 2501 1160 2560 Horat.

141 2585 163 2625 c.
183 2568 236 2622 IIII
256 2575 281 2633 2,
300 2576 316 2623 3
332 2586 373 2638 sq.
391 2569 483 2624 uitreo
502 2570 618 2624 daturus
635 2570 751 2624 nomina
769 2573 866 2638 ponto.

212 2646 247 2694 43
266 2640 372 2708 Vergil.
391 2640 417 2693 A
434 2639 474 2695 Vl
495 2646 527 2695 16
538 2641 592 2708 sq:
611 2641 667 2695 iter
686 2683 692 2696 .
711 2683 716 2695 .
737 2641 833 2696 enauit
852 2641 888 2695 ad
907 2644 998 2696 arctos
1018 2642 1160 2698 Chalcidi-

142 2727 228 2779 caque
249 2751 300 2765 ...
321 2728 404 2781 super
422 2711 534 2766 adstitit
552 2727 623 2768 arce.

212 2893 247 2942 40
265 2888 358 2942 melea
378 2888 404 2941 Τ
462 2893 497 2942 42
515 2887 618 2942 Audax
636 2889 698 2943 init.
716 2890 803 2944 minio
820 2905 871 2945 scr.
894 2888 919 2943 Τ
941 2892 946 2958 Ι
969 2891 1065 2959 ycario
1086 2893 1126 2946 M

141 2964 176 3012 43
196 2957 345 3013 calcidicas
364 2959 391 3012 Z
409 2963 413 3027 Ι
435 2975 514 3014 arces
533 2960 663 3015 Accurrit
680 2961 765 3016 cedere
784 2961 876 3015 arctos
896 2962 923 3015 Z
940 2961 1048 3030 (arthos
1070 2965 1123 3033 M)

142 3072 177 3120 44
196 3065 258 3120 rai
276 3066 338 3119 aar.
357 3066 422 3120 mae.
445 3065 501 3122 rc
521 3070 525 3134 l
547 3033 706 3120 'lacrimem
725 3069 755 3121 ee
773 3032 902 3136 degeam
925 3068 951 3121 r
1020 3074 1055 3123 rs
1075 3070 1160 3126 sme-

141 3138 256 3192 ritatem
275 3135 308 3206 (T
322 3137 357 3190 ab
366 3138 538 3192 rubricatore
546 3154 635 3192 macc
644 3143 784 3208 tamquam
793 3140 887 3207 partia
897 3139 980 3194 initio
990 3140 1124 3212 aeplecto)
1137 3143 1163 3198 Τ
1254 3143 1255 3154 ¹

141 3243 352 3299 themeritatem
371 3244 409 3298 M
423 3247 427 3306 l
449 3260 494 3311 me
513 3221 695 3299 uoce¹s¹²⁹uero
714 3245 771 3313 (me
790 3248 926 3314 exputruit
944 3253 969 3301 et
984 3263 1075 3316 surpra
1093 3252 1160 3307 add.

141 3315 355 3384 rubricator)T
409 3320 444 3368 46
462 3313 566 3369 mutari
586 3315 623 3370 M
675 3321 710 3371 48
730 3316 841 3386 appetis
861 3319 887 3371 Z
940 3323 975 3374 50
994 3321 1163 3387 sequutoT
1254 3337 1255 3362 ³

177 3389 211 3440 51
231 3385 382 3456 epistolam
401 3387 428 3439 Z
1254 3382 1255 3422 l

91 3476 118 3526 z
213 3474 319 3529 rrum
347 3473 397 3528 sar.
419 3474 457 3543 pr.
477 3473 547 3529 area
567 3473 593 3527 r
618 3474 687 3530 earu.
707 3475 746 3544 pr.
766 3475 792 3532 a.
815 3475 841 3533 c
863 3477 959 3534 oea
1033 3482 1160 3553 reses]
1254 3457 1255 3480 ¹

143 3547 179 3600 δῖ
196 3547 222 3600 Τ
282 3551 478 3614 3quanquam
497 3545 523 3598 L
