2516 3954
534 173 752 235 -10...

178 330 242 416 Da,
265 335 370 415 pater,
396 337 473 396 haec
495 334 607 396 nostro
630 331 698 396 fieri
722 334 794 395 rata
818 340 895 396 uota
917 336 1060 416 precatu.

133 420 190 487 Nil
213 423 356 485 metuam
380 420 574 505 cupiamque
595 419 691 484 nihil:
716 419 795 485 satis
814 420 878 485 hoc
895 442 967 485 rear
986 443 1072 500 esse,
1110 437 1149 478 1⁰⁵

133 509 227 585 Quod
250 509 330 574 satis
354 512 417 594 est3
440 509 489 574 nil
512 513 607 593 turpe
630 509 729 573 uelim
752 530 811 573 nec
834 530 931 575 causa
953 509 1085 594 pudoris
1115 527 1149 576 60

134 600 201 663 Sim
225 597 319 684 mihi3
343 619 409 662 non
430 595 550 663 faciam
572 597 736 683 cuiquam,
761 620 843 681 quae
866 603 1012 682 tempora
1036 599 1150 664 eodem

132 685 246 752 Nolim
268 687 356 752 iacta
378 686 468 752 mihi.
503 708 563 752 neo
584 707 663 751 uero
687 686 820 751 crimine
843 687 955 780 lapdar

133 775 202 840 Nec
225 776 367 841 maculer
390 775 500 840 dubio:
524 776 656 860 paulum
681 775 799 840 distare
822 775 951 840 uidetur

113 863 310 948 ·Suspectus
333 886 473 948 uereque
496 887 578 929 reus.
616 864 702 928 male
726 885 821 949 posse
844 863 981 930 facultas
1110 883 1150 923 no

132 952 234 1019 Nulla
257 955 300 1018 sit
323 957 356 1018 et
378 954 460 1017 bene
483 975 577 1038 posse
601 953 685 1018 adsit
707 953 882 1037 tranquilla
903 957 1059 1038 potestas.
1116 971 1150 1021 65

134 1042 200 1108 Sim
222 1041 313 1108 tenui
336 1041 425 1106 uictu
449 1045 544 1124 atque
567 1042 697 1124 habitu,
720 1041 782 1107 sim
806 1063 899 1106 carus
924 1043 1037 1107 amicis

132 1130 178 1196 ut
201 1152 328 1217 semper
351 1131 480 1215 genitor
502 1133 570 1195 sine
593 1131 727 1195 uulnere
750 1131 891 1195 nominis
913 1131 1018 1195 huius.

133 1220 209 1285 Non
231 1221 340 1284 animo
365 1219 506 1304 doleam,
529 1241 595 1284 non
618 1240 765 1304 corpore:
790 1223 905 1285 cuncta
929 1220 1028 1285 suetis

132 1308 326 1393 Fungentur
348 1310 493 1372 membra
516 1307 645 1373 officiis:
667 1330 727 1374 nec
750 1307 878 1373 saucius
902 1309 977 1374 ullis
1111 1327 1150 1368 1¹⁵

131 1397 284 1462 Partibus
308 1397 463 1462 amissum
487 1397 661 1482 quidquam
685 1397 846 1462 desideret
867 1420 955 1462 usus.
1115 1416 1149 1464 70

133 1486 215 1551 Pace
237 1486 342 1570 fruar,
365 1508 495 1552 securus
520 1506 630 1571 agam,
653 1487 810 1551 miracula
833 1490 938 1552 terrae

132 1575 234 1640 Nulla
256 1579 375 1659 putem.
413 1597 564 1660 suprema
588 1575 632 1640 dii
655 1597 726 1640 cum
748 1575 876 1640 uenerit
898 1576 992 1659 hora,

132 1663 202 1728 Neo
225 1664 338 1728 timeat
361 1667 499 1737 mortem
522 1666 604 1731 bene
627 1664 756 1730 conscia
778 1664 849 1729 uita
871 1685 930 1730 nec
953 1669 1052 1749 optet.

132 1752 237 1817 Purus
262 1754 302 1818 ab
327 1753 463 1818 occultis
486 1774 559 1818 oum
583 1757 616 1817 te
639 1753 829 1838 indulgente
853 1753 1001 1834 uidebor,
1110 1772 1151 1814 12⁰

134 1840 251 1908 Omnia
273 1841 462 1927 despiciam,
484 1841 584 1907 fuerit
607 1865 680 1908 cum
705 1844 775 1908 sola
798 1843 947 1926 uoluptas
1115 1861 1149 1910 75
1255 1827 1256 1890 i

132 1930 291 1996 Iudicium
316 1952 446 2015 sperare
468 1934 574 2015 tuum3
598 1931 684 2016 quod
707 1931 782 1995 dum
807 1953 866 1996 sua
889 1929 996 1996 differt

133 2019 294 2105 Tempora
317 2023 550 2105 cunctaturque
573 2020 654 2104 dies,
678 2025 791 2106 procul
814 2020 906 2105 exige
929 2043 1062 2087 saeuum

131 2108 357 2174 Insidiatorem
381 2110 511 2175 blandis
535 2110 696 2175 erroribus
720 2129 869 2192 anguem.

132 2197 222 2262 Haeo
244 2198 313 2284 pia,
336 2199 392 2264 sed
416 2204 542 2265 maesto
565 2199 762 2282 trepidantia
785 2201 863 2262 uota
885 2202 992 2282 reatu,
1110 2217 1151 2258 ras

204 2343 238 2393 58
257 2337 323 2392 llaec
340 2337 436 2392 Vhou
453 2337 496 2392 Ti
514 2335 640 2406 huicGl
656 2340 785 2406 precatu:
804 2354 823 2391 u
841 2353 875 2391 ea
894 2353 912 2391 a
931 2337 957 2391 V
1010 2344 1044 2396 59
1063 2339 1137 2395 nihil

132 2401 215 2478 nro‘p
236 2411 269 2479 (p
288 2435 322 2454 =
344 2409 436 2464 Paria.
456 2414 550 2466 18275
570 2409 619 2464 obi
637 2410 765 2478 laureatur
783 2425 829 2462 uu.
847 2411 967 2464 59-78
986 2416 1012 2466 et
1029 2427 1056 2466 a.
1073 2341 1149 2483 58)1

131 2495 194 2535 rara
214 2480 242 2533 P
308 2485 341 2535 61
362 2478 400 2534 sit
419 2481 448 2534 P
471 2485 476 2549 1
500 2497 558 2535 non
581 2480 628 2548 Vp
646 2496 698 2534 nec
717 2478 802 2534 1³02
819 2480 852 2533 in
869 2496 955 2550 maro.
975 2482 1047 2536 inter
1065 2499 1093 2538 a.
1113 2489 1149 2538 61

132 2557 158 2606 et
176 2555 214 2606 62
233 2553 270 2606 al.
289 2569 323 2606 m.
343 2551 358 2604 s
377 2553 400 2607 le
419 2553 477 2606 itur
500 2551 527 2605 V
596 2557 630 2606 63
653 2550 752 2605 dubio:
777 2551 797 2606 b
819 2567 853 2606 en
871 2551 894 2604 ll
917 2557 949 2605 ut
972 2554 1030 2608 oid.
1054 2553 1082 2605 V

133 2627 168 2676 64
186 2638 271 2677 uerae
291 2623 316 2677 G
332 2624 337 2691 1
352 2568 430 2678 maia
448 2623 495 2692 Vp
514 2624 587 2678 male
604 2621 720 2677 Poro
738 2624 778 2676 sic
796 2622 914 2677 Paulini
932 2625 1021 2680 oratio
1039 2641 1066 2679 a.
1083 2630 1151 2695 dsq.

133 2693 207 2747 male
225 2692 300 2748 uelle
318 2700 343 2748 ei
361 2695 433 2749 bene
451 2710 541 2764 posse.
602 2697 636 2749 65
656 2694 698 2765 et]
717 2709 751 2748 ao
770 2693 910 2748 Paulinus
928 2711 955 2750 a.
976 2699 994 2749 7
1013 2696 1043 2750 at
1062 2695 1151 2751 Grue-

132 2783 198 2837 uius
232 2780 235 2852 1
269 2768 404 2852 traquilla
428 2776 454 2835 V
524 2789 557 2838 66
582 2783 673 2850 adque
696 2782 723 2836 V
744 2787 748 2850 1
773 2781 852 2836 auita
877 2781 913 2832 V¹
938 2781 1050 2852 (habitu
1074 2783 1124 2856 V’)

133 2852 239 2907 amicus
259 2853 288 2906 P
341 2860 374 2908 67
393 2854 508 2908 uolnere
526 2858 540 2907 l
557 2856 561 2922 1
577 2853 656 2908 hnius
676 2854 705 2921 (h
724 2855 760 2908 ol.
779 2853 825 2922 aa.)
846 2852 873 2906 V
924 2857 958 2907 68
978 2852 1089 2909 animae
1108 2860 1124 2909 λ

133 2923 220 2978 suetis
239 2924 383 2992 Heinsius,
402 2925 505 2994 qnietis
524 2926 590 2981 libri
644 2931 677 2980 69
696 2925 831 2995 fugantur
847 2923 883 2974 V¹
900 2926 903 2992 1
920 2925 1031 2980 suacius
1042 2926 1070 2980 P
1087 2943 1152 2981 sau-

133 2993 173 3049 cis
194 2994 227 3050 0¹
255 2993 407 3050 sautiusG
475 3002 509 3050 70
531 2995 658 3065 pastibus
683 2997 792 3063 (statim
812 3012 825 3048 s
843 2997 875 3049 in
893 3012 908 3048 r
923 3013 967 3064 pr.
991 3000 1072 3066 corr.)
1099 2997 1123 3052 0
1147 3011 1150 3068 1

134 3065 266 3120 amissum
282 3065 319 3118 Vl
336 3069 340 3134 1
357 3066 507 3136 quicquam
518 3068 584 3123 libri
598 3066 769 3136 (quicquiam
782 3067 819 3135 P)
875 3072 908 3121 71
923 3066 1011 3140 fruar]
1025 3067 1113 3123 fraias
1126 3071 1154 3124 P

187 3144 220 3192 72
241 3137 294 3209 dii]
314 3137 371 3192 diei
395 3137 453 3192 VP
469 3137 539 3223 (dies
563 3137 599 3192 V¹
617 3143 649 3193 ut
667 3139 736 3207 oid.)
757 3138 794 3193 d'i
814 3139 843 3207 (i.
863 3136 920 3206 dei)
942 3137 965 3192 O
982 3137 1022 3193 dii
1037 3143 1079 3209 pl
1100 3140 1152 3210 dys

134 3228 229 3297 (murq.
250 3227 286 3280 al.
306 3225 371 3296 dijs)
393 3226 442 3294 ΤΙ
467 3229 505 3296 qfi
529 3227 555 3281 V
626 3232 658 3281 73
686 3229 765 3282 obtat
789 3226 816 3280 V
886 3232 921 3281 74
946 3226 1072 3284 occultus
1093 3229 1120 3283 G
1146 3229 1149 3300 1

134 3316 172 3402 qii
191 3334 218 3388 V
270 3337 303 3388 ‘16
323 3332 471 3404 dispiciam
488 3334 534 3402 Ρ1
554 3319 587 3388 cii
612 3333 650 3387 V¹
668 3311 706 3404 dri
729 3333 785 3402 V²l
809 3317 921 3389 aohites
943 3332 970 3386 V
1031 3338 1063 3387 77
1084 3351 1153 3389 cun-

134 3404 264 3458 ctaturP
281 3407 412 3459 cantatur
425 3405 452 3457 V
462 3408 600 3474 stanturp
620 3407 788 3460 cunctantur
797 3404 870 3472 021
887 3403 949 3458 exie
961 3403 994 3459 0¹
1013 3405 1104 3460 exime
1117 3405 1152 3460 0¹

134 3475 228 3542 exiges
243 3491 344 3530 aeuum
354 3475 382 3529 P
399 3475 488 3546 exigis
503 3493 555 3530 eno
572 3476 677 3546 (exiges
691 3477 727 3531 cl.
736 3477 816 3545 corr.)
823 3492 846 3546 p
862 3478 866 3545 1
883 3491 974 3530 scano
986 3475 1013 3528 Τ
1030 3477 1152 3533 saequ

188 3551 221 3599 79
240 3546 328 3612 Haec]
348 3547 408 3601 Nee
430 3546 455 3600 Τ
474 3548 479 3616 1
503 3551 611 3602 moesto
632 3545 689 3601 Tc
713 3550 718 3615 1
742 3550 836 3602 reatu:
855 3566 875 3601 u
893 3548 924 3601 in
942 3563 996 3601 ros.
1023 3546 1049 3600 V
