2540 3962
511 196 749 260 —242-

281 354 378 422 Hunc
400 377 511 420 rursus
534 354 704 440 Augustus
727 354 818 440 prior

283 443 357 510 Suis
379 447 537 528 perennet
557 445 711 511 fascibus.

282 531 443 600 Subnecte
466 541 499 598 et
520 533 604 597 illud
626 534 757 598 leniter:

282 621 474 707 „Apologos
497 642 538 685 cn
559 622 651 686 misit
673 621 736 686 tibi

282 711 334 776 Ab
358 732 458 795 usque
480 709 588 775 Rheni
611 711 716 775 limite

281 798 461 884 Ausonius,
483 820 601 865 nomeu
624 798 759 883 Italum,

281 886 479 972 Praeceptor
501 887 644 973 Augusti
666 888 728 971 tui,

282 976 461 1060 Aesopiam
482 976 693 1058 trimetriam,

282 1064 388 1142 Quam
410 1064 510 1129 uertit
533 1065 610 1130 exili
633 1064 710 1130 stilo

281 1152 435 1218 Pedestre
458 1153 656 1219 concinnans
679 1174 761 1238 opus

281 1241 387 1307 Fundi
409 1241 557 1307 Titianus
581 1241 711 1326 artifex,

281 1329 329 1394 Vt
351 1329 426 1395 hinc
450 1331 504 1395 aui
526 1353 564 1396 ac
586 1331 693 1414 patris
717 1330 830 1416 decue,

281 1417 385 1485 Mixto
409 1441 580 1505 resurgens
604 1419 778 1504 sanguina,

281 1508 446 1574 Probiano
468 1509 610 1593 itemque
635 1507 764 1592 Anicio,

280 1595 328 1662 Vt
351 1595 517 1681 quondam
539 1597 574 1661 in
596 1596 703 1661 Albae
727 1596 897 1663 moenibus

282 1684 458 1768 Supremus
481 1685 592 1750 Aenea
614 1689 706 1750 satus

281 1775 403 1839 Siluios
426 1772 507 1839 Iulis
531 1774 675 1858 miscuit,

282 1860 336 1928 Sic
357 1864 436 1946 iste,
458 1861 514 1946 qui
536 1865 633 1926 natus
657 1862 720 1946 tui,

280 1951 357 2016 Flos
381 1950 588 2016 flosculorum
609 1949 757 2035 Romuli,

280 2038 426 2105 Nutricis
450 2039 537 2104 inter
559 2041 717 2104 lemmata

280 2127 431 2213 Lallique
456 2129 650 2194 somniferos
674 2128 788 2193 modos

282 2215 417 2282 Suescat
438 2218 562 2302 peritus
585 2216 705 2282 fabulis

282 2304 383 2371 Simul
407 2309 440 2369 et
462 2307 564 2371 iocari
587 2309 620 2370 ct
644 2304 795 2371 discere.“

281 2393 343 2459 His
368 2394 448 2459 adde
472 2399 601 2480 uotum,
624 2394 710 2479 quod
733 2395 790 2478 pio

282 2481 498 2568 Concepimus
521 2485 569 2548 rei
592 2484 665 2549 deo:
1104 2503 1140 2552 95

192 2662 227 2713 85
241 2674 302 2728 sqq.
331 2657 372 2713 Of.
391 2657 498 2728 Vergil.
513 2659 546 2713 A.
563 2657 600 2712 Vl
615 2663 668 2714 760
682 2675 741 2727 sqq.
761 2658 771 2725 (
792 2655 879 2712 rimus
896 2658 932 2713 ad
946 2675 1028 2714 curas
1042 2659 1140 2715 aethe·

120 2727 177 2784 rias
196 2729 268 2783 Italo
288 2728 454 2784 commixtus
473 2728 609 2799 sanguine
628 2747 675 2783 sur
696 2731 725 2784 et
739 2727 767 2781 θ’
781 2728 852 2798 uiua,
871 2728 1013 2788 Albanum
1026 2747 1140 2800 nomen,

120 2801 171 2854 tua
187 2801 318 2870 postuma
336 2800 449 2869 proles.)
469 2801 498 2854 et
516 2799 629 2854 Seruius
702 2800 730 2855 h.
750 2799 769 2854 l.

192 2965 225 3015 '12
244 2960 410 3029 perhemnet
427 2959 465 3014 Μ
534 2964 568 3014 74
586 2975 631 3014 em
649 2961 678 3029 (n
698 2961 734 3016 al.
752 2961 799 3029 aa.)
820 2959 846 3013 Τ
916 2965 950 3016 75
968 2959 1046 3015 rheni
1065 2959 1092 3014 Τ

121 3037 155 3088 77
173 3032 216 3086 tui
234 3029 304 3087 GP
322 3031 369 3101 (al.
388 3032 434 3101 aa.)
453 3031 496 3086 sui
516 3030 595 3085 T¹M
664 3037 697 3086 78
722 3030 911 3099 trimeptriam
930 3029 969 3085 M
1036 3037 1071 3086 80
1089 3048 1139 3103 pc·

120 3101 392 3176 contrapadum
454 3107 488 3158 81
507 3103 629 3158 ticianus
646 3101 685 3158 M
744 3107 777 3157 82
797 3102 863 3158 hino
881 3102 1034 3160 Mommsen
1051 3102 1098 3157 hic
1114 3103 1142 3158 Z

123 3175 127 3246 l
146 3177 232 3245 atque
252 3174 278 3229 Τ
339 3177 375 3228 84
396 3173 520 3243 itemquo
538 3173 637 3244 Peiper
661 3176 745 3242 atque
765 3173 793 3227 Z
813 3190 867 3243 que
890 3176 977 3244 atqua
1001 3173 1136 3245 Vinctusl

119 3268 263 3338 Anteros
334 3285 368 3337 aa
388 3279 472 3336 iulius
492 3281 520 3334 a
540 3279 620 3336 rurus
638 3280 798 3350 Acontius,
817 3279 887 3335 mis
906 3280 1031 3351 scarae
1103 3285 1139 3336 ae

120 3353 163 3408 tui
182 3353 208 3407 Τ
232 3356 299 3408 tuus
318 3352 388 3408 GM
410 3351 465 3408 tibi
485 3352 546 3407 Tull
618 3352 797 3407 9010mnata
816 3353 845 3420 (n
863 3353 923 3418 del,
944 3370 973 3406 m
992 3353 1027 3407 al.
1046 3353 1093 3420 aa.)
1115 3351 1142 3406 Τ

119 3422 256 3479 leminata
274 3423 312 3478 M
380 3430 413 3479 91
433 3423 484 3478 lali
503 3423 528 3477 Τ
550 3421 605 3476 lilli
623 3421 650 3478 G
665 3425 669 3490 Ι
685 3421 821 3477 soniferos
840 3423 867 3478 G
938 3428 972 3478 92
993 3421 1093 3494 peritis
1113 3423 1142 3478 Z

120 3493 227 3566 peritus
341 3503 374 3551 93
399 3495 482 3552 simul
501 3496 530 3550 et
549 3493 574 3547 Τ
596 3495 624 3548 et
642 3510 691 3549 om.
712 3493 781 3550 GM
798 3495 802 3564 Ι
825 3493 911 3549 iocali
931 3494 969 3547 M
986 3494 991 3562 Ι
1016 3492 1137 3565 discere]

120 3565 217 3622 ludere
337 3573 372 3622 94
391 3567 470 3624 Adde
490 3567 517 3621 Z
537 3563 581 3620 hie
600 3565 672 3620 adde
690 3565 790 3636 Peiper
812 3564 850 3622 Et
867 3564 941 3621 adda
959 3563 1103 3622 Auectius
