2480 3964
473 207 717 272 -497-

155 370 175 418 4
194 361 485 418 (199990911111119
502 379 553 432 ego
569 380 630 417 sum
646 361 694 417 1119
709 361 813 432 consul,
829 363 924 432 patres
939 362 1101 434 conscripti,

192 435 236 488 cui
259 451 316 488 non
337 434 441 500 forum,
465 434 495 487 in
518 450 574 500 quo
599 434 690 488 omnis
709 433 839 502 aequitas
858 434 1024 501 continetur,
1043 451 1100 489 non

192 521 307 574 campus
336 503 532 559 consularibus
560 504 693 573 auspiciis
721 507 913 572 consecratus,
941 522 997 560 non
1024 507 1102 560 curia

192 593 331 630 summum
354 574 490 630 auxilium
513 575 639 630 omnium
661 575 801 645 gentium,
825 592 881 631 non
905 576 1004 631 domus
1024 593 1101 631 com-

192 665 276 702 mune
303 645 475 717 perfugium,
504 663 560 701 non
588 647 678 702 lectus
707 647 742 700 ad
771 647 894 716 quietem
918 647 1014 716 datus,
1044 665 1100 702 non

193 718 313 787 denique
332 719 402 772 haec
422 719 501 772 sedes
520 715 634 772 honoris
652 733 785 786 umquam
805 734 896 774 uacua
913 718 1012 773 mortis
1027 718 1100 787 peri-

192 790 255 844 culo
275 791 360 856 atque
377 787 489 843 insidiis
506 788 569 843 fuit

155 866 174 914 4
192 861 326 916 abolitor:
352 858 517 915 Tertullian.
536 858 604 916 Lab.
628 858 696 915 mul.
716 865 732 915 3
757 859 881 916 omnium
901 877 994 914 rerum
1013 859 1106 915 aboli-

191 933 291 986 torem.

155 1008 172 1057 b
191 1001 268 1058 Anat.
288 1003 392 1058 Phaon.
411 1007 427 1056 2
447 1001 546 1072 procel
565 1000 598 1057 δὲ
617 997 687 1065 Διὸς
705 1002 794 1056 πᾶσαι
813 999 867 1073 pt:
885 997 991 1072 ἀγυιαί.

157 1080 173 1128 9
192 1074 291 1128 Florus
310 1072 323 1125 Ι
341 1091 381 1143 pr.
401 1078 431 1128 3:
457 1073 559 1128 faciam
583 1074 659 1142 quod
682 1073 775 1128 solent
797 1072 847 1142 qui
870 1074 1009 1127 terrarum
1029 1072 1100 1127 situs

191 1143 324 1214 pingunt:
352 1143 383 1198 in
410 1143 491 1198 breui
513 1142 595 1212 quasi
617 1143 725 1199 tabella
747 1145 837 1199 totam
863 1143 923 1198 aius
947 1143 1101 1214 imaginem

192 1216 355 1286 amplectar.
394 1213 538 1285 (similiter
560 1214 748 1284 Hieronymus
770 1215 807 1270 ad
824 1214 927 1285 Euagr.
947 1218 977 1270 et
994 1216 1025 1270 in
1042 1215 1102 1285 epi·

191 1287 290 1356 taphio
309 1285 481 1356 Nepotiani.)

139 1362 173 1411 13
192 1357 290 1412 consul
308 1373 374 1426 ego:
394 1354 538 1412 Claudiam.
557 1355 642 1412 Mam.
662 1374 703 1438 gr.
722 1358 777 1412 act.
796 1357 848 1410 Iul.
868 1354 894 1411 d.
915 1361 957 1412 19.

141 1433 176 1482 15
196 1427 375 1484 assiduitate:
395 1428 427 1493 Q.
448 1427 545 1482 Cicero
563 1428 598 1482 de
616 1428 698 1496 petit.
713 1443 788 1482 cons.
804 1433 851 1481 43:
871 1426 920 1482 sed
939 1429 1034 1480 tamen
1053 1427 1102 1481 hic

192 1500 299 1553 fructus
318 1503 361 1553 ast
379 1497 562 1567 assiduitatis,
580 1515 639 1552 non
656 1499 747 1553 solum
766 1515 826 1553 esse
841 1499 948 1553 Romae
967 1501 1052 1565 atqm
1070 1499 1102 1552 in

194 1570 264 1636 foro,
284 1569 331 1624 ssd
351 1569 469 1624 adsidua
486 1572 591 1640 petere.

143 1647 174 1695 19
193 1640 348 1696 Homerici:
368 1637 395 1696 ti
412 1639 463 1709 Ep.
483 1639 536 1694 XII
556 1646 589 1694 10
604 1657 665 1710 sqq.

194 1709 220 1768 11
239 1711 429 1781 Ephem.,164
447 1709 537 1766 instar
555 1711 656 1767 densae
675 1709 828 1781 grandinis.

194 1780 222 1839 (l
238 1783 314 1837 Prof.
334 1788 377 1851 21,
398 1787 430 1836 16
446 1800 506 1850 sqq.

193 1853 334 1910 Laconica
352 1853 505 1908 breuitate:
525 1853 684 1922 symmach.
703 1853 740 1907 ad
755 1855 858 1908 Auson.
873 1853 886 1906 Ι
902 1859 934 1907 14
952 1853 989 1908 in.
1006 1855 1102 1924 (supra

194 1943 221 1994 p.
243 1931 302 1992 141,
322 1928 349 1995 9)
367 1923 524 1980 Laconicae
542 1925 618 1979 malo
638 1925 749 1979 studere
769 1923 911 1979 breuitati.

194 1993 220 2052 11
240 1997 274 2050 91.
293 1996 362 2050 Lnd.
384 2001 434 2052 137
455 1993 480 2050 (l
498 1993 549 2065 Ep.
568 1994 661 2050 XXVI
679 2001 722 2050 86.

139 2067 229 2122 9991.
255 2067 349 2122 Sidon.
369 2066 420 2136 Ep.
438 2066 462 2119 V
482 2073 512 2135 9,
534 2074 547 2121 1
570 2067 601 2121 in
619 2064 802 2122 Constantino
821 2065 1053 2129 inconstantiam,
1073 2066 1104 2120 in

194 2140 291 2194 Iouino
319 2138 499 2206 facilitatem,
526 2138 556 2193 in
585 2137 719 2193 Gerontio
747 2137 905 2207 perfidiam,
934 2136 1046 2207 singula
1072 2137 1103 2191 in

195 2209 325 2280 singulis,
350 2210 445 2265 omnia
463 2210 492 2263 in
510 2208 642 2265 Dardano
662 2208 778 2264 crimina
797 2209 880 2263 simul
899 2213 1103 2264 execrarentur.

142 2286 176 2334 31
195 2281 319 2338 quenal.
339 2280 365 2334 X
384 2287 417 2336 16
436 2296 554 2351 magnos
574 2279 697 2337 Senecae
716 2277 882 2350 praediuitis
901 2279 1008 2335 hortos.

141 2356 176 2404 31
198 2351 400 2416 Quintilianus:
424 2353 459 2407 cf.
478 2352 602 2406 quenal.
622 2351 674 2406 VH
694 2351 920 2407 197911911999
939 2351 1027 2419 uolet,
1052 2349 1103 2404 fies

196 2424 230 2476 (19
249 2423 361 2478 rhetore
380 2423 484 2478 consul.

140 2498 176 2547 33
196 2493 323 2576 praefero
347 2491 526 2546 Gratianum:
551 2493 646 2548 Sidon.
666 2493 759 2562 Apoll.
779 2510 803 2547 c.
822 2492 875 2547 1111
895 2498 927 2546 17
948 2508 992 2545 res
1012 2491 1104 2546 minor

194 2565 307 2634 ingenio
325 2564 415 2631 nobis,
434 2563 482 2617 sed
503 2562 620 2618 Caesare
638 2563 741 2630 maior3
759 2564 875 2618 uincent
893 2563 1013 2632 eloquio,
1034 2563 1101 2616 dum

196 2635 280 2690 modo
299 2652 349 2690 nos
369 2634 491 2690 dominc.

85 2702 87 2707 ’
141 2712 178 2759 34
196 2705 303 2775 Vergil.
317 2707 350 2759 A.
368 2705 431 2760 VlIl
451 2710 504 2760 794
523 2704 675 2759 discinctos
694 2705 776 2759 Afros
796 2703 954 2774 (9111199
974 2703 1104 2759 discincti

196 2777 249 2834 Lib
269 2795 317 2833 es.

140 2854 177 2902 36
196 2780 382 2920 patdimbnia:
395 2846 534 2902 Ammian.
550 2845 654 2900 XXVII
670 2853 710 2915 11,
727 2852 741 2900 1
756 2845 861 2902 Probus
878 2889 884 2901 .
900 2887 906 2901 .
922 2886 928 2902 .
944 2864 1029 2916 opum
1044 2863 1103 2900 am-

196 2919 334 2989 plitudine
358 2919 488 2988 cognitus
513 2917 574 2973 orbi
596 2917 737 2986 Romano,
762 2934 813 2988 per
836 2935 920 2988 quern
943 2917 1104 2972 uniuersum

197 3006 285 3060 paene
304 2990 477 3060 patrimonia
497 3006 595 3059 sparsa
613 2991 745 3059 possedit.

141 3065 177 3115 38
196 3060 268 3116 Plin.
291 3077 391 3132 paneg.
415 3066 450 3116 88
472 3059 581 3130 pietate
603 3059 713 3116 Metalli
734 3061 949 3116 monstrabatur.
987 3058 1021 3114 cf.
1048 3057 1104 3112 Cic.

197 3133 231 3186 (19
250 3134 320 3187 orat.
338 3131 365 3186 II
383 3133 439 3202 (40)
459 3137 519 3188 167.
832 3185 836 3193 ,
934 3178 937 3184 .

196 3203 316 3259 felicior:
336 3202 407 3259 Ptin.
428 3220 472 3272 ep.
490 3203 516 3257 V
537 3208 584 3270 18,
610 3208 623 3255 1
643 3204 728 3258 homo
747 3201 855 3258 felicior
874 3203 1023 3270 antequam
1043 3200 1103 3254 feli·

197 3273 323 3330 cissimus
337 3273 424 3330 fieret.
445 3273 489 3342 (cf.
505 3273 577 3330 Plin.
592 3293 616 3327 n.
633 3274 661 3328 h.
677 3273 728 3327 Vll
744 3280 794 3328 137
811 3273 924 3328 Sallust.
941 3274 999 3341 lug.
1013 3277 1055 3338 95,
1067 3273 1105 3340 4.)

18 3393 30 3412 ,
142 3349 178 3399 50
197 3345 271 3400 unde
286 3346 320 3400 de
334 3346 420 3415 plano
433 3345 489 3415 legi
504 3345 625 3414 possint:
644 3345 678 3400 cf.
695 3344 832 3414 leianns
849 3361 893 3413 ap.
908 3343 1052 3398 Iustinian.
1069 3342 1103 3395 de

196 3417 340 3471 institoria
358 3414 469 3471 actione
488 3415 535 3473 tit.
550 3421 567 3471 9
586 3415 640 3486 leg.
656 3421 686 3470 2:
706 3417 779 3470 unde
799 3415 834 3468 (19
853 3415 938 3484 plano
956 3415 1033 3468 recte
1046 3414 1104 3483 legi

197 3487 295 3557 possit.
318 3487 428 3542 Tabula
440 3502 523 3542 aerea
537 3503 621 3555 quam
635 3486 735 3541 laudat
743 3486 876 3541 Vinctus:
891 3486 955 3540 ubei
969 3486 1004 3538 de
1019 3485 1104 3554 plano

197 3560 273 3615 recte
291 3557 351 3628 legi
368 3557 497 3628 possitus.
528 3557 635 3613 Seneca
649 3577 675 3615 n.
691 3576 716 3628 q.
732 3558 813 3626 14,1
834 3557 905 3612 alias
924 3555 1107 3626 probationes

198 3646 269 3700 quae
288 3631 322 3685 (19
341 3631 427 3700 plano
447 3627 505 3700 legi
522 3631 648 3698 possunt

142 3727 272 3770 Aesonius.
857 3724 890 3771 32
