2516 3954
496 199 714 248 -cv-

93 341 160 406 379
182 341 318 406 Pontius
346 339 533 406 Paulinus
567 363 606 406 ex
636 339 816 424 Campania
847 340 881 403 in
911 338 1107 424 Hispaniam

181 452 332 495 reuersus
346 429 537 494 Therasiam
553 428 650 511 ducit,
665 433 741 512 post
753 427 955 512 Hebromagi
969 428 1109 495 habitat.

92 560 116 601 c.
137 544 199 602 379
224 541 373 601 Paulini
404 541 524 601 oratio
562 542 607 611 (cf.
635 563 662 599 u.
693 543 736 610 17)
769 540 807 599 ad
836 540 1006 619 exemplum
1043 540 1109 600 eius

182 632 308 708 scripta,
327 649 404 706 quae
423 632 470 690 est
487 630 520 688 in
537 629 737 706 Ephemeride
755 629 938 690 Ausoniana.

93 733 158 798 379
182 753 230 796 ex.
262 730 458 796 Ausonius
487 730 684 815 Burdigalae
717 729 923 795 conmoratur
952 733 1109 814 paternae

179 821 372 886 hereditatis
396 819 513 905 gratia.
549 819 596 884 ibi
618 817 822 901 Paulinus,
850 819 1028 884 Pellaeus
1052 819 1109 903 qui

179 910 281 992 uulgo
305 908 431 990 dicitur,
454 907 593 973 Ausonii
617 930 655 972 ex
679 907 852 972 Thalassio
875 929 987 991 nepos,
1010 927 1107 972 auum

179 998 263 1062 uidit
282 1002 435 1071 (Herediol.
449 1003 546 1058 inscr.:
572 1019 635 1055 cum
650 1003 685 1056 de
701 1001 808 1072 palatio
822 1007 887 1072 post
899 1002 1005 1057 multos
1019 1017 1108 1057 annos

179 1083 417 1139 honoratissimus
438 1081 542 1152 quippe
565 1083 624 1137 iam
649 1083 746 1137 consul
771 1081 891 1137 redisset
914 1082 951 1136 ad
976 1081 1109 1151 patriam.

179 1154 293 1208 Paulini
310 1153 466 1208 Eucharist.
486 1158 600 1209 43-49.
621 1158 682 1209 339.
702 1159 754 1208 948
764 1170 824 1222 sqq.
843 1157 916 1224 499).

92 1254 153 1312 379
170 1270 215 1312 ex.
237 1251 288 1310 De
306 1251 502 1311 herediolo.

92 1361 154 1419 379
179 1358 283 1418 Libri
303 1359 345 1416 de
364 1357 486 1418 Fastis
506 1376 573 1416 cum
592 1357 723 1416 carmine
737 1357 775 1416 ad
791 1357 971 1434 Hesperium
987 1361 1018 1418 et
1037 1377 1107 1436 sup-

177 1447 337 1525 putatione
357 1439 396 1528 (1.
414 1446 455 1505 ΙΙ.
476 1449 548 1507 147.
569 1437 647 1526 148)
668 1448 781 1515 (iterum
799 1453 898 1520 postea
918 1450 1053 1520 Gregorio
1073 1469 1108 1506 ex

178 1540 268 1611 praef.
293 1539 372 1594 missi
394 1539 453 1594 uid.
477 1540 513 1593 ad
532 1557 556 1595 a.
577 1539 648 1604 383).
693 1533 779 1594 Circa
801 1534 882 1594 idem
903 1537 1023 1612 tempus
1047 1535 1106 1595 He·

179 1625 280 1702 sperio
313 1625 405 1683 etiarn
438 1622 611 1683 Caesares
639 1621 698 1681 XII
714 1642 758 1682 ex
781 1622 922 1683 Suetonio
951 1642 1110 1700 expressos

178 1712 298 1773 misisse
316 1712 446 1772 uidetur.
484 1712 591 1788 quibus
614 1715 721 1788 postea
744 1712 902 1788 quominus
922 1713 960 1771 ad
980 1731 1035 1773 sua
1057 1732 1107 1772 us-

178 1821 238 1878 que
260 1805 398 1878 tempora
425 1801 476 1877 qui
502 1801 699 1877 imperatores
722 1801 844 1861 fuerant
871 1801 1004 1880 adderet,
1027 1820 1110 1862 mors

178 1890 345 1968 prohibuit.

89 1993 155 2058 379
179 1990 342 2058 Flauius
375 1989 560 2055 Afranius
590 1987 792 2074 syagrius,
823 1991 864 2055 ab
894 1990 1040 2055 Ausonio
1071 1995 1109 2055 ut

178 2080 311 2145 uidetur
332 2084 518 2158 reuocatus,
545 2077 703 2162 magister
726 2077 906 2143 officiorum
930 2087 967 2154 (a.
981 2097 1034 2144 aaa
1052 2089 1111 2144 fuit

178 2165 317 2221 notarius.
336 2166 475 2219 Ammian.
490 2163 608 2219 XXVIII
617 2169 642 2230 9,
653 2171 678 2218 t.
689 2167 713 2218 9.
734 2162 802 2218 (iod.
817 2163 954 2219 Theodos.
964 2165 1018 2219 VII
1028 2171 1070 2231 19,
1080 2171 1107 2220 9.

179 2235 344 2306 Symmachi
362 2236 399 2289 ad
418 2252 482 2290 eum
501 2252 564 2304 epp.
584 2235 734 2290 lei—107
754 2235 834 2290 annis
853 2241 993 2290 ase-381
1015 2236 1107 2293 datae.

178 2309 236 2362 uid.
257 2308 294 2362 aa
313 2324 338 2362 a.
354 2312 406 2362 aso
425 2311 455 2363 et
473 2310 545 2374 aar).

88 2401 154 2466 379
178 2398 373 2465 Aemilius
400 2397 564 2483 Magnus
588 2396 792 2484 Arborirm,
822 2397 960 2463 Ausonii
989 2421 1028 2464 ex
1055 2421 1106 2464 so-

178 2490 254 2554 rore
273 2509 384 2572 nepos,
402 2509 510 2552 comes
528 2509 636 2551 rerum
655 2486 858 2570 priuatarum
876 2495 952 2562 (Cod.
969 2497 1108 2553 Theodos.

178 2575 192 2628 I
207 2581 251 2643 32,
266 2579 292 2628 4.
313 2572 476 2628 Ambrosius
490 2573 524 2627 de
539 2572 631 2628 officio
646 2571 764 2627 ministr.
779 2572 818 2626 Ill
834 2579 858 2642 7,
872 2579 916 2629 46.
930 2579 973 2629 48.
993 2572 1109 2644 Epiced.

87 2647 482 2786 379-4-ligllthrborius
505 2717 688 2801 praefectus
716 2717 789 2781 urbi
813 2725 890 2791 (cod.
911 2727 1048 2782 Theodos.
1068 2728 1108 2782 VI

179 2809 263 2889 3'5‚·9.
283 2803 403 2872 xlma,
419 2809 460 2858 16.
481 2803 586 2872 Sulpic.
606 2802 699 2857 Seuer.
719 2803 785 2859 dial.
804 2801 844 2855 ΙΙΙ
858 2808 900 2872 10,
916 2810 941 2858 6.
968 2804 1017 2858 uit.
1033 2803 1106 2858 Mar-

178 2880 238 3015 lint
246 2877 438 3013 5193771013ιά6
458 2947 540 3012 senii
558 2947 717 3012 molestiis
735 2949 943 3033 conqueritur
957 2958 1108 3029 (Protropi.

90 3119 160 3192 post
177 3037 582 3175 Ithniirlttulhlihtusonius
606 3131 674 3172 cum
695 3113 757 3172 iam
779 3132 832 3173 sex
854 3116 886 3173 et
907 3113 1036 3190 triginta
1054 3132 1108 3173 an-

179 3223 236 3264 nos
256 3202 383 3279 coniuge
402 3203 483 3262 esset
501 3202 617 3279 orbata,
635 3201 847 3261 Parentalia
864 3202 1020 3262 incohauit
1039 3203 1107 3271 (uid.

179 3285 217 3340 ad
235 3301 261 3340 a.
277 3289 339 3338 343.
363 3282 426 3338 Par.
440 3288 467 3350 4,
482 3287 529 3336 81:
557 3284 701 3350 quaestor,
724 3281 896 3352 praefectus,
916 3283 1021 3337 consul.
1051 3289 1076 3350 9,
1091 3288 1109 3337 8

178 3386 231 3440 per
248 3383 354 3422 nouem
372 3369 401 3421 te
420 3366 473 3420 fleo
489 3364 688 3436 olympiadas);
702 3362 765 3440 sed
782 3365 888 3438 postea
906 3361 1027 3420 demum
1040 3380 1109 3420 cum

177 3453 390 3513 Professorum
416 3450 683 3527 Burdigalensium
715 3450 821 3526 elogiis
854 3449 891 3510 ad
923 3450 1014 3510 finem
1042 3469 1110 3527 per-

178 3543 272 3602 ducta
295 3539 398 3600 edidit.
