2546 3962
522 219 765 285 -351-

5 384 11 459 j
132 381 263 465 Pectus,
287 400 394 462 crura,
417 378 518 462 latus,
541 381 701 463 uentrem,
724 379 858 462 femora,
882 379 1025 464 inguina,
1049 402 1150 467 suras,

4 516 11 529 .
132 468 289 555 Tergum,
312 467 411 550 colla,
434 487 577 550 umeros,
599 466 707 531 luteae
730 463 958 554 Symplegadis
983 472 1127 556 antrum,

131 556 214 622 'Iam
237 557 367 621 diuersa
389 556 470 620 locis
494 575 580 640 uaga
602 555 790 622 earnificina
812 561 973 642 pererrat,
1116 576 1148 625 10

130 644 244 710 Donec
270 647 470 710 marcentem
493 643 590 709 calidi
613 644 741 710 feruore
764 645 886 711 lauacri

130 734 276 800 Blandus
300 733 394 798 letali
418 733 525 798 soluat
548 733 716 799 dulcedine
740 733 880 799 morbus.

130 822 288 888 Desectos
312 822 358 887 sia
380 821 470 887 fama
492 822 595 906 uiros,
618 822 674 888 ubi
698 844 791 887 cassa
815 822 915 888 libido

130 911 302 977 Femineas
327 914 437 976 coetus
461 914 494 976 et
516 932 580 976 non
605 933 664 976 sua
687 911 774 976 bella
796 910 942 991 lacessit,

130 999 230 1064 Irrita
253 1003 370 1065 uexato
394 1020 583 1064 consumere
607 998 727 1085 gaudia
750 1001 848 1084 lecto,
1115 1018 1147 1066 15

130 1088 278 1154 Titillata
302 1088 394 1154 breui
417 1109 488 1154 oum
512 1088 578 1154 iam
603 1089 663 1154 sub
686 1088 749 1153 fine
773 1090 927 1173 uoluptas
1092 1104 1095 1109 ·

130 1177 250 1243 Feruet
273 1181 305 1242 et
327 1177 456 1262 ingesto
478 1177 609 1261 peragit
631 1175 771 1242 ludibria
795 1199 919 1243 morsu:

130 1265 275 1350 Torpida
297 1287 362 1330 non
386 1266 482 1330 aliter
503 1265 681 1350 Polygiton
705 1267 851 1331 membra
872 1267 1017 1332 resoluit.

129 1355 190 1439 Bt,
212 1354 288 1439 quia
310 1355 470 1420 debentur
493 1375 644 1440 suprema
666 1354 795 1439 piacula
816 1356 920 1439 uitae,

130 1443 183 1508 Ad
206 1442 483 1528 Phlegethonteas
507 1464 578 1508 sese
602 1443 667 1508 iam
689 1447 863 1528 praeparet
885 1442 995 1509 undas.
1113 1461 1147 1510 20

11 1597 15 1604 ’
75 1618 235 1662 svn-oxu
250 1619 434 1669 [om-am]

230 1688 279 1743 DE
300 1687 457 1754 QVODAM
476 1686 596 1743 SILVIO
615 1686 714 1743 BONO
735 1686 799 1753 Qvl
817 1687 916 1744 ERAT
935 1687 1051 1744 BRITO.

130 1796 251 1864 Siluius
275 1797 332 1863 ille
355 1796 479 1882 Bonus,
504 1798 561 1882 qui
584 1798 729 1863 carmina
750 1801 865 1864 nostra
888 1798 1031 1884 lacessit,

174 1887 299 1954 Nostra
321 1887 428 1971 magis
450 1887 571 1952 meruit
594 1887 746 1972 disticha,
769 1886 862 1953 Brito
885 1887 999 1954 bonna.

3 1984 9 2010 ¹
76 2009 153 2052 evm
168 2011 217 2060 [ox]

130 2097 251 2165 Siluius
273 2099 328 2166 hic
350 2098 462 2165 Bonus
486 2103 545 2166 est.
574 2098 666 2177 ‘Quis
690 2096 844 2166 Siluiusl’
867 2097 934 2165 Iste
957 2099 1146 2167 Britannus.

176 2188 257 2254 ‘Aut
279 2187 371 2255 Brito
395 2188 536 2255 hicnon
560 2191 610 2254 est
632 2186 769 2274 Siluius,
793 2191 851 2254 aut
873 2190 978 2254 malus
1002 2187 1072 2254 est?

74 2309 165 2353 ovrm
181 2309 239 2362 [oxrl

129 2399 251 2466 Siluius
275 2422 345 2466 esse
369 2399 483 2467 Bonus
504 2400 608 2466 fertur
630 2400 797 2487 ferturque
819 2400 1011 2468 Britannus:
1129 2419 1144 2468 o

174 2487 252 2564 Quis
276 2489 386 2555 eredat
409 2489 513 2555 ciuem
538 2489 749 2574 degenerasse
772 2490 917 2556 bonum?

198 2668 215 2719 8
233 2649 360 2720 foemora
380 2663 406 2718 T
459 2669 475 2719 9
494 2665 625 2718 humeros
640 2665 686 2734 ΖΙ
702 2662 796 2719 luctae
816 2663 860 2734 T}
876 2663 1059 2734 simplegadis
1079 2665 1148 2720 I’M

165 2739 197 2790 12
216 2735 304 2790 Iaetali
322 2735 409 2791 soluit
429 2734 455 2790 Τ
526 2739 559 2789 14
577 2734 733 2790 foemineos
752 2734 797 2804 ΤΙ
817 2737 896 2790 cetus
916 2735 984 2792 I'M
1002 2740 1007 2804 Ι
1026 2735 1145 2792 lacescit

129 2806 155 2860 Τ
226 2811 260 2861 16
280 2806 519 2862 consummereT
590 2811 623 2862 16
642 2805 751 2862 titilata
771 2807 797 2860 Τ
869 2811 901 2862 17
919 2806 1078 2878 ingestuI'
1103 2809 1145 2864 in-

125 2878 206 2948 gesto
226 2877 296 2932 GM
314 2893 383 2934 carn.
403 2877 558 2934 Salmasius
631 2882 664 2932 18
688 2876 803 2949 turpida
823 2877 891 2933 TM
913 2895 982 2936 carr.
1002 2879 1144 2945 Baehrens

124 2947 220 3018 turpia
239 2949 265 3004 G
280 2951 285 3019 Ι
300 2949 449 3019 poligytcn
468 2949 495 3003 Τ
515 2947 654 3018 poligiton
670 2950 709 3004 M
722 2951 727 3019 1
743 2949 861 3004 menbra
875 2950 914 3004 M
985 2954 1017 3005 19
1036 2967 1093 3019 qua
1108 2951 1146 3005 M

161 3026 196 3075 ‘20
214 3019 399 3091 flegetonteas
418 3021 499 3090 (thou
518 3020 554 3089 G)
572 3019 617 3090 ΖΙ
633 3024 766 3090 preparet
786 3021 842 3077 I'G
869 3022 1023 3092 praeparat
1042 3022 1080 3076 M

196 3107 382 3164 cvss—cxss
409 3110 452 3165 De
469 3141 506 3151 -
524 3108 604 3166 Brito
628 3109 730 3180 (Britto
751 3109 788 3180 G)
815 3109 871 3166 ΤΘ
898 3127 949 3166 am.
968 3110 1007 3164 M
1032 3113 1061 3165 et
1083 3109 1143 3164 eins

126 3181 253 3236 carmina
274 3180 433 3237 lacessebat
455 3182 519 3238 add.
540 3181 582 3248 G;
600 3182 733 3238 cantianae
752 3183 881 3252 Iapnntnr
898 3181 1040 3252 scalptura
1058 3181 1090 3236 a'n
1109 3181 1144 3248 Z,

125 3252 264 3308 distansia
282 3252 406 3324 Scala'par
424 3256 450 3321 1,
469 3256 508 3310 21

197 3340 273 3397 (ΝΠ
311 3341 463 3398 11666εοὶ1
481 3341 508 3396 Τ
577 3341 715 3397 adIstiaa
735 3341 825 3411 TMI
850 3340 937 3397 britto
955 3356 1059 3411 semper
1077 3341 1115 3394 M
1118 3338 1144 3395 G

198 3428 285 3486 CVIII
324 3435 337 3485 1
356 3429 412 3486 iste
430 3429 521 3486 bonne
540 3431 566 3486 Τ
587 3430 638 3486 hic
657 3431 747 3487 bonus
766 3435 810 3486 est
829 3428 899 3485 GM
913 3433 918 3498 Ι
934 3429 1091 3486 brittannus
1110 3429 1148 3484 M

198 3515 299 3573 cv1111
337 3524 351 3573 1
371 3518 461 3574 fertur
477 3535 528 3575 am.
549 3519 575 3574 G
596 3521 687 3590 spatia
710 3520 804 3578 relicto
824 3521 830 3590 Ι
850 3518 1006 3590 ferturque]
1025 3519 1142 3589 pariter·

125 3605 180 3658 qne
200 3589 238 3644 M
250 3592 255 3658 Ι
270 3587 431 3645 britannus:
451 3608 469 3645 a
487 3606 521 3648 aa
539 3605 556 3645 o
577 3591 602 3644 Τ
