2546 3962
522 203 761 268 -338—

138 361 191 429 Sic
214 385 266 428 me
289 367 402 428 taurus
426 363 500 446 init,
523 363 571 427 sic
593 361 741 447 proxima
763 360 882 425 bucula
904 359 1022 444 mugil,

183 449 236 517 Sic
260 451 382 517 nidulus
406 451 520 522 sitiens
544 451 645 516 ubera
667 453 779 516 nostre
801 449 893 534 petit.

136 539 280 624 Miraris,
305 540 390 625 quod
412 539 490 606 fallo
514 539 669 626 gregem?
706 538 815 625 gregis
838 537 910 622 ipse
933 537 1090 622 magister
1137 554 1153 603 5

180 628 268 694 Inler
291 632 460 713 pascentes
484 651 536 694 me
559 649 728 694 numerare
752 627 843 692 selei.

82 875 295 926 vannrnvnn]
367 857 416 912 DE
435 854 563 911 EADEM
581 855 728 912 BVCVLA
745 853 920 910 MYRONIS.

136 981 245 1048 Vbera
268 982 345 1067 quid
367 983 478 1067 pulsas
501 981 656 1068 frigenlia
680 983 794 1047 matris
818 1003 930 1067 aenae,

182 1071 209 1136 0
233 1072 349 1154 uitulo,
373 1075 405 1135 el
428 1093 541 1136 sucum
565 1071 659 1136 laetis
683 1071 724 1136 ab
749 1093 822 1136 aere
845 1069 951 1154 petis?

136 1159 233 1226 Hunc
257 1181 383 1245 quoque
406 1164 621 1246 praestarem,
645 1161 674 1225 si
697 1182 749 1225 me
771 1182 830 1245 pro
854 1162 947 1243 parte
969 1163 1123 1244 parasset

180 1249 352 1314 Exteriore
374 1247 503 1334 Myron,
525 1249 678 1315 interiore
702 1249 789 1314 deus.

83 1495 148 1534 nxx
162 1496 213 1545 [nx]
313 1473 364 1529 AD
382 1473 587 1530 DAEDALVM
606 1475 655 1530 DE
674 1472 804 1530 EADEM
822 1473 979 1530 BVCVLA.

137 1601 294 1688 Daedale,
318 1623 375 1666 eur
396 1624 482 1668 uana
505 1603 668 1668 consumis
691 1603 726 1667 in
751 1605 820 1667 arie
843 1601 1012 1668 laborem?

181 1690 234 1756 Me
257 1691 368 1776 potius
391 1693 503 1756 clausa
525 1691 634 1756 subice
657 1689 828 1774 Pasiphae.
1252 1686 1253 1700 ¹

77 1793 84 1808 ·
136 1777 311 1844 illecebras
334 1801 431 1845 uerae
456 1780 483 1844 ai
505 1780 557 1844 uis
580 1778 669 1860 dere,
692 1779 851 1864 Daedale,
874 1801 1006 1863 uaccae,

181 1863 278 1933 Viua'
291 1868 354 1934 tibi
377 1869 500 1952 speeies
524 1889 623 1933 uacca
645 1867 792 1952 Myronis
817 1869 887 1934 erit.

83 2061 317 2185 LXEEtExAIlllEM
336 2130 503 2187 MYRONIS
522 2129 671 2186 BVOVEA
689 2130 758 2185 IAM
775 2128 949 2186 HABENTE
970 2130 1156 2188 SPIRITVM

137 2255 245 2322 Aerea
267 2257 428 2342 mugitum
451 2262 581 2341 poterat
604 2257 681 2322 dare
703 2279 804 2324 uacca
826 2257 987 2343 Myronis3

183 2343 246 2409 Sed
268 2346 365 2410 timet
387 2347 521 2412 artificis
546 2347 689 2412 deterere
712 2346 888 2430 ingenium.

137 2432 276 2518 Fingere
299 2456 375 2500 nam
400 2435 539 2500 similem
563 2436 672 2518 uince,
696 2457 794 2520 quam
817 2435 939 2519 uiuere,
961 2436 1035 2520 plus
1060 2439 1125 2520 θεὶς

182 2521 251 2588 Nec
275 2527 351 2589 sunt
373 2522 461 2589 faeta
485 2524 535 2589 dei
559 2524 655 2608 mira,
679 2524 735 2588 sed
759 2524 903 2590 artificis.

209 2738 225 2787 3
244 2733 364 2788 buccula
383 2732 441 2788 w
513 2737 529 2788 ὁ
551 2734 638 2806 quod]
658 2732 682 2788 si
703 2735 729 2788 Τ

208 2819 338 2875 LXVIIII
355 2821 438 2878 Inscr.
459 2821 485 2878 θ
503 2836 553 2877 one.
576 2823 602 2876 T
635 2822 713 2878 Idem
730 2822 767 2876 M
839 2828 852 2875 1
873 2823 979 2876 ahenas
1001 2820 1027 2876 G
1102 2829 1155 2877 20

137 2889 359 3031 iiillseifbucfflo
378 2892 415 2946 M
439 2895 444 2962 l
468 2909 581 2948 succum
601 2894 628 2948 Z
651 2897 655 2960 Ι
680 2894 715 2948 ab
734 2893 811 2964 aere]
831 2893 935 2948 habere
955 2891 1012 2947 Te
1037 2896 1041 2960 Ι
1067 2892 1154 2964 pelis]

208 3049 284 3104 LXX
313 3051 396 3108 laser.
419 3051 446 3107 G
467 3052 566 3109 ΜΗ
599 3052 677 3106 Idem
702 3054 739 3108 M
810 3061 824 3108 1
849 3053 1018 3110 eonsummis
1040 3053 1066 3106 Τ
1140 3058 1154 3106 2

136 3121 395 3261 ffiffimffigtiirira
416 3123 462 3191 ΤΙ
488 3122 599 3178 clausae
626 3123 815 3195 Glpasiphe
835 3125 873 3178 M
943 3130 960 3178 4
992 3123 1073 3178 uiuat
1106 3121 1155 3180 ubi

136 3353 155 3408 h
208 3280 298 3409 ΙΞΡΧΧΙ
315 3283 400 3338 deser.
420 3282 446 3338 G
464 3283 561 3339 om.T
594 3282 674 3337 Idem
692 3282 731 3337 M
790 3283 940 3339 lmironis
956 3287 992 3337 M
1053 3282 1155 3356 enee]
1252 3237 1254 3296 A

157 3369 195 3408 aec
