2516 3954
501 235 732 282 -oxi-

188 372 308 427 Praeter
328 389 361 428 ea
385 390 457 443 quae
476 373 534 427 dixi
552 373 609 428 alia
626 375 742 443 praedia
759 373 892 430 habuisse
911 373 1066 429 Ausonium
1085 393 1118 431 ex

99 445 278 514 poematibus
296 461 353 499 non
371 445 514 514 probatur.
551 459 617 499 nam
637 446 712 513 quod
731 445 781 516 Ep.
799 445 864 498 XVI
885 451 917 501 15
936 447 1045 501 Theoni
1063 447 1117 501 ait:

100 515 229 586 „scirpea
247 515 415 570 Dumnitoni
437 515 511 570 tanti
534 517 577 571 est
600 516 740 571 habitatio
763 517 841 571 uati?
878 517 1026 572 Pauliacos
1045 517 1119 573 tanti

99 604 153 641 non
176 587 251 642 mibi
270 586 342 642 nilla
360 589 482 642 soret!“:
506 585 593 642 uilem
611 587 734 643 Theonis
753 588 877 658 agellum
897 605 960 643 curn
978 588 1071 644 uicino
1090 591 1119 644 et

99 655 190 713 multo
213 657 332 713 meliore
356 659 472 728 praedio
498 657 632 716 Pauliaco
656 675 812 730 conparans
841 677 892 715 nec
917 664 1013 714 tamen
1039 661 1117 714 cuins

100 728 168 783 illud
189 730 229 783 sit
248 730 412 800 significans
432 730 512 784 dicite
542 747 604 800 „me
623 747 657 785 ne
677 730 824 785 Pauliacus
844 731 969 800 quidem,
994 731 1017 787 si
1039 749 1118 786 meus

100 803 183 870 esset,
202 802 328 868 teneret,
347 800 496 870 quominus
514 801 544 855 in
562 800 749 857 Lucaniacum
767 803 937 857 tenderem“:

191 887 298 946 Verum
318 889 458 946 Ausonius
478 891 510 943 ut
528 889 697 961 Burdigalae
715 891 813 946 turbas
833 890 987 946 declinaret
1006 906 1118 959 corpus·

101 977 154 1030 qne
173 962 299 1030 curaret,
323 979 379 1017 nou
403 961 431 1015 in
455 959 643 1017 Lucaniacum
667 963 756 1018 solum
781 964 831 1016 aut
848 963 991 1016 Nonarum
1013 979 1118 1033 pagum

101 1031 250 1087 concessit:
271 1033 357 1087 etiam
377 1030 479 1088 balnea
490 1033 527 1086 'et
545 1033 688 1088 maritima
702 1034 730 1088 et
749 1033 785 1088 ad
799 1035 974 1101 Pyrenaeum
992 1037 1117 1086 montem

101 1119 174 1178 <puae¹
190 1107 272 1159 erant
290 1104 411 1158 uisebat.
444 1121 532 1173 eaque
551 1104 684 1159 Paulinus
702 1105 815 1160 notauit
829 1105 878 1173 Ep.
893 1103 984 1158 XXXI
1000 1108 1051 1157 241
1062 1121 1117 1172 sq.:

101 1175 139 1229 ad
157 1191 236 1230 mare
265 1173 336 1228 sitos
364 1175 459 1243 piceos
482 1175 597 1241 Boios,
624 1177 654 1230 in
682 1175 866 1245 Bigerritanis
893 1174 1117 1230 Maroialicas

101 1246 253 1300 thermas
279 1245 349 1316 (uid.
375 1245 483 1315 ludex);
508 1252 654 1316 praeterea
676 1247 789 1302 colebat
810 1247 920 1315 urbem,
944 1246 1018 1300 unde
1037 1247 1118 1315 pater

102 1321 161 1374 crat
179 1318 329 1386 oriundus,
349 1316 544 1373 Cossionem
564 1318 727 1373 Vasatum
747 1317 865 1388 (Paulin.
885 1337 913 1372 u.
933 1323 1005 1386 248),
1024 1334 1116 1386 neque

101 1405 155 1443 non
183 1388 240 1443 suis
269 1389 300 1443 in
327 1387 449 1458 praediis
478 1390 691 1460 qualiacumque
720 1392 800 1444 erant
827 1391 931 1445 amicos
960 1406 1024 1444 eum
1053 1404 1116 1443 con-

102 1459 211 1515 uenisse
246 1457 402 1515 uerisimile
435 1462 490 1514 est:
523 1461 666 1515 Theonem
694 1460 859 1516 Dumnitoni
891 1477 978 1529 prope
1010 1459 1116 1526 urbem,

102 1529 217 1586 Paulum
231 1531 262 1586 in
273 1531 468 1600 Bigerritanis,
483 1531 631 1586 Paulinum
646 1537 674 1586 et
685 1532 857 1601 Hebromagi
871 1537 900 1586 et
914 1529 978 1586 aliis
992 1530 1022 1584 in
1036 1546 1117 1600 prae-

103 1601 162 1670 diis,
181 1620 254 1673 quae
273 1606 304 1658 ot
326 1602 417 1657 multa
435 1603 558 1658 habebat
575 1606 605 1657 et
623 1620 735 1673 magna.
768 1604 940 1658 accedebant
957 1604 1017 1656 tam
1034 1601 1118 1655 multi

102 1674 259 1744 propinqui,
278 1673 328 1742 qui
348 1690 442 1728 senem
462 1675 642 1742 amplissimis
661 1673 813 1730 honoribus
828 1674 957 1729 ornatum
976 1673 1115 1740 colebant,

103 1749 165 1800 autc
193 1761 292 1800 omnes
316 1743 469 1816 Hesperius
492 1747 578 1815 filius,
607 1747 733 1814 quinon
756 1745 855 1816 procul
878 1744 981 1799 afuisse
1005 1743 1118 1799 uidetur

103 1816 147 1882 (cf.
166 1813 216 1886 Ep.
237 1815 318 1870 XVII
336 1815 399 1869 Par.
420 1817 478 1885 11):
502 1817 575 1872 nude
595 1819 714 1888 apparet
731 1833 786 1871 non
804 1815 885 1872 triste
904 1816 1012 1871 senium
1030 1814 1116 1869 fnisse

102 1885 216 1942 Ausonii
235 1903 288 1942 nec
308 1887 480 1952 solitarium,
499 1890 584 1942 immo
603 1889 700 1943 multis
719 1889 861 1957 uariisque
880 1885 1116 1942 delectationibus

103 1963 130 2013 ct
147 1958 234 2016 animi
254 1963 283 2014 et
302 1959 428 2027 corporis
446 1961 570 2029 plenum.

188 2055 263 2116 Post
281 2055 406 2116 Maximi
428 2057 585 2117 interitum
603 2058 785 2134 Burdigalac
809 2057 938 2133 scriptus
957 2060 1004 2116 est
1023 2054 1115 2115 Ordo

187 2143 334 2205 urbium
365 2146 544 2206 nobilium
577 2149 613 2217 (u.
635 2159 668 2207 '10
692 2150 831 2206 Maximus
853 2149 968 2221 punitus
995 2156 1044 2205 133
1064 2165 1116 2203 nec

188 2226 264 2352 {nim
293 2225 364 2365 mi)hi
392 2227 514 2282 barbara
537 2229 627 2282 Rheni
656 2245 705 2282 ora
728 2229 826 2282 domus
850 2229 894 2281 est
918 2231 970 2280 167
994 2225 1064 2281 ciuis
1086 2224 1117 2280 in

209 2315 243 2351 ac
263 2315 346 2352 sum.

188 2389 433 2455 Theodosius
448 2389 482 2453 in
498 2411 610 2456 omnes
625 2389 775 2454 homines
785 2390 990 2468 honorificae,
1004 2410 1115 2454 uerum

182 2479 326 2547 ‚effusius
343 2479 377 2542 in
391 2479 509 2565 bon0s;
529 2479 687 2563 simplicia
707 2478 839 2564 ingenia
854 2501 955 2563 aeque
970 2479 1115 2563 diligere,

188 2567 318 2632 erudita
340 2567 466 2652 mirari,
489 2568 545 2634 sed
569 2568 701 2633 innoxia
725 2577 858 2647 (Epitcm.
877 2585 920 2646 48,
940 2577 976 2642 8).

101 2683 167 2755 post
182 2698 209 2738 a.
224 2681 289 2740 388
304 2680 475 2756 Epistula
489 2680 685 2740 Theodosii
700 2680 743 2739 ad
756 2680 963 2739 Ausonium.
997 2699 1116 2753 „parens

190 2759 407 2816 iucundissime“
421 2776 485 2814 cnm
500 2761 674 2816 Theodosius
688 2759 814 2831 adpellet
826 2760 990 2827 Ausonium,
1010 2759 1115 2829 scripta

190 2835 235 2886 est
253 2832 387 2900 epistula,
411 2832 503 2888 adhuc
521 2831 588 2887 uiua
607 2849 668 2886 cum
689 2833 751 2887 erat
770 2831 898 2886 Gratiani
916 2832 1051 2887 memoria
1070 2833 1116 2886 uel

189 2903 389 2972 redintegrata,
404 2905 479 2972 quod
493 2920 549 2971 qua
562 2920 591 2957 re
605 2903 806 2973 magis'pctuit
819 2904 879 2956 fieri
893 2920 977 2972 qnam
991 2901 1115 2958 Maximo

190 2975 309 3043 tyranno
325 2974 445 3030 deuicto.
470 2991 558 3043 eaque
572 2974 693 3030 uictoria
707 2975 789 3030 simul
799 2975 834 3028 ad
845 2989 983 3028 summam
993 2974 1115 3028 anctori-

189 3046 279 3100 tatem
298 3051 412 3102 euectus
431 3046 494 3101 erat
512 3045 695 3101 Theodosius.
724 3048 751 3115 (7
770 3062 805 3100 ne
825 3045 952 3099 fraudari
969 3061 1014 3099 me
1029 3044 1114 3113 scrip-

189 3120 283 3170 torum
306 3118 419 3171 tuorum
437 3116 558 3170 lectione
578 3115 710 3186 patiaris,
734 3134 805 3185 qnae
826 3115 894 3172 olim
912 3115 981 3170 mihi
1000 3113 1115 3184 cognita

191 3189 220 3242 et
238 3187 295 3242 iam
314 3205 366 3258 per
382 3190 493 3257 tempus
513 3187 602 3242 oblita
620 3206 729 3241 rursum
749 3187 885 3255 desidero,
904 3205 960 3241 non
977 3185 1067 3241 solum
1082 3186 1115 3238 nt

190 3275 262 3328 qnae
277 3261 342 3314 sunt
355 3259 423 3314 nota
437 3259 604 3326 recolantur,
625 3260 674 3314 sed
688 3260 774 3314 etiam
788 3261 820 3313 ut
834 3275 906 3328 quae
921 3259 995 3310 fama
1009 3256 1115 3312 celebri

189 3331 302 3386 adiecta
328 3332 521 3386 memorantur
548 3331 712 3400 accipiam.‘'·
753 3330 800 3384 hic
827 3331 890 3397 quis
914 3326 1024 3382 dubitet
1048 3328 1114 3396 quin

191 3402 281 3457 Vrbes
299 3419 367 3472 prae
387 3403 487 3457 ceteris
506 3400 647 3471 significet
665 3401 870 3469 Theodosiusr)

104 3491 166 3559 388
189 3491 354 3558 Flauius
378 3491 582 3558 Promotus
606 3493 693 3557 bella
713 3494 815 3577 gessit
832 3493 864 3556 in
885 3490 1032 3557 Thracia.
1063 3501 1118 3556 fuit
1230 3572 1231 3578 ἵ

188 3579 212 3634 is
238 3589 340 3634 comes·
350 3577 475 3647 Africae,
500 3577 637 3650 magister
654 3579 776 3634 militnm
795 3595 821 3634 a.
840 3583 994 3649 386-391,
1019 3578 1113 3634 consu¹
