2540 3962
525 227 567 234 -
614 140 768 254 223'..

138 349 391 416 chamaeleontis
415 348 572 413 bestiolae
595 348 679 427 uice,
705 369 788 431 quae
811 347 850 412 de
874 347 1028 412 subiectis
1052 347 1151 412 sumit
1172 363 1206 412 15

139 439 291 505 colorem.
337 437 424 502 aliud
452 437 557 502 sentio
581 458 620 500 ex
643 437 785 519 epistula
807 440 877 520 tua,
905 437 993 501 aliud
1016 457 1055 500 ex
1078 458 1152 502 oon·
1261 493 1262 498 ,

139 528 275 592 seientia
299 547 380 591 mea.
417 530 450 590 et
471 529 508 590 tu
531 547 583 590 me
606 527 705 590 audes
727 525 1031 591 facundissimorum
1049 525 1154 590 homi·

138 638 217 682 num
244 615 338 681 laude
366 613 517 699 dignari?
566 617 618 697 tu,
646 615 794 698 inquam,
826 614 907 678 mihi
934 615 1011 698 ista,
1039 614 1094 698 qui
1120 619 1153 678 te

139 705 228 769 ultra
255 703 516 769 emendationem
539 703 684 768 omnium
707 701 897 787 protulisti?
941 704 1155 787 quisquamne

138 795 187 858 ita
213 794 309 872 nitet,
339 796 375 856 ut
403 795 597 876 conparatus
626 791 687 855 tibi
714 813 780 856 non
809 791 961 857 sordeat?
1007 792 1078 875 quis
1106 791 1154 854 ita
1174 806 1208 855 20

140 883 264 965 Aesopi
300 885 519 963 uenustatem,
556 880 628 964 quis
665 879 859 963 sophisticas
891 879 1047 945 Isocratis
1081 901 1154 944 oon-

140 971 310 1053 elusiones,
333 968 405 1053 quis
429 970 470 1035 ad
491 969 735 1053 enthymemata
752 966 982 1034 Demosthenis
1001 972 1059 1033 aut
1077 989 1154 1051 opu·

139 1055 276 1124 lentiam
308 1057 494 1123 Tullianam
527 1063 584 1121 aut
614 1047 847 1141 proplietatem
878 1058 983 1122 nostri
1009 1057 1155 1140 Maronis

141 1146 294 1212 accedat?
351 1147 423 1231 quis
459 1147 508 1211 ita
545 1145 685 1211 adfectet
722 1145 865 1230 singula,
901 1149 939 1211 ut
969 1149 1007 1210 tu
1038 1145 1155 1229 imples

141 1235 274 1300 omnia?
313 1236 391 1320 quid
414 1236 501 1300 enim
523 1234 610 1300 aliud
634 1256 679 1318 es,
701 1255 799 1318 quam
823 1256 862 1298 ex
886 1235 973 1299 omni
997 1235 1156 1300 bonarum
1175 1249 1209 1297 no

142 1325 260 1389 artium
287 1325 418 1409 ingenio
446 1324 582 1389 collecta
609 1322 788 1407 perfectio?
833 1323 927 1405 haec,
955 1324 1085 1388 domine
1111 1323 1156 1386 mi

140 1413 190 1476 fili
217 1411 426 1496 Symmacho,
452 1435 519 1477 non
547 1433 673 1494 uereor,
699 1433 740 1476 ne
768 1412 802 1475 in
828 1415 862 1476 te
889 1411 1041 1476 blandius
1069 1411 1158 1476 dieta
1248 1437 1268 1486 ῃ

142 1501 314 1566 uideantur
346 1522 418 1566 esse
450 1523 547 1585 quarn
580 1501 697 1565 uerius.
747 1503 780 1564 et
812 1503 963 1584 expertus
996 1520 1031 1565 es
1060 1500 1157 1564 fidem

142 1612 249 1654 meam
272 1591 389 1654 mentis
412 1599 508 1675 atque
532 1589 705 1671 dictorum,
733 1588 809 1653 dum
832 1589 867 1654 in
890 1589 1048 1653 comitatu
1072 1588 1158 1672 degi-

142 1701 214 1744 mus
239 1679 334 1744 ambo
359 1699 438 1745 aeuo
462 1679 593 1762 dispari.
637 1678 695 1742 ubi
713 1680 749 1742 tu
767 1678 886 1742 ueteris
909 1675 1047 1741 militiae
1067 1698 1157 1762 prae·
1177 1693 1212 1742 30

84 1783 89 1792 “
143 1769 211 1832 mia
232 1768 297 1832 tiro
321 1768 479 1853 meruisti,
502 1788 563 1851 ego
587 1766 773 1832 tiroeinium
794 1766 860 1831 iam
878 1768 1050 1835 ueteranus
1070 1786 1158 1829 exer·

145 1858 206 1921 eui.
251 1857 288 1921 in
314 1856 471 1922 comitatu
498 1856 561 1921 tibi
588 1877 685 1920 uerus
716 1855 776 1938 fui,
804 1854 922 1919 nedum
949 1877 1001 1918 me
1023 1875 1158 1938 peregre

143 1945 309 2010 existimes
341 1946 513 2030 conposite
544 1945 694 2010 fabulari.
745 1944 780 2008 in
812 1943 983 2027 comitatu,
1016 1943 1160 2028 inquam,

216 2266 249 2316 15
268 2260 451 2316 cameleontis
475 2260 540 2327 7σΙ
560 2259 678 2314 uestiole
702 2258 792 2327 V¹Rl
815 2257 874 2314 uite
895 2257 954 2326 1³⁸!
975 2259 1061 2330 quae]
1080 2235 1099 2326 d
1123 2257 1160 2311 V¹

145 2337 222 2399 quad
236 2332 265 2385 P
319 2338 352 2386 16
367 2333 439 2386 aliut
455 2332 489 2386 V1
506 2335 510 2398 Ι
527 2349 560 2386 ex
575 2331 709 2402 epistula]
725 2348 759 2384 ex
771 2331 896 2456 ppistula
911 2329 947 2383 71
966 2329 1096 2399 exempla
1108 2329 1138 2382 P
1154 2329 1159 2401 Ι

145 2401 217 2457 aliut
231 2402 268 2456 V¹
323 2403 527 2474 181aude3Pl
545 2397 675 2470 tltuPl
691 2401 759 2456 mici
811 2401 917 2468 listiR
967 2406 1000 2455 19
1015 2400 1161 2455 hominum

151 2473 177 2528 V
191 2477 195 2541 Ι
211 2473 394 2543 quisquamne
412 2472 440 2528 V
454 2477 486 2529 ut
504 2474 655 2542 quisquam
673 2473 702 2527 P
716 2475 766 2528 aut
783 2472 932 2540 quisquam
952 2489 968 2526 o
986 2471 1056 2526 haut
1069 2471 1162 2528 Schott

312 2575 339 2605 ra

181 2621 215 2670 20
234 2620 371 2686 conputus
390 2613 492 2682 Vlita
510 2615 546 2667 ad
565 2613 596 2667 R
660 2620 693 2668 21
714 2613 794 2687 esopi
813 2613 850 2667 71
867 2612 948 2682 ysopi
970 2611 1007 2666 71
1023 2615 1028 2679 Ι
1044 2612 1105 2680 quis
1125 2611 1162 2666 ad

145 2684 176 2738 F
199 2691 202 2753 Ι
227 2687 375 2758 sopisticas
400 2685 436 2742 V1
461 2691 465 2754 Ι
489 2685 620 2741 isocratis
638 2685 701 2740 RD
727 2684 865 2754 ysocratis
886 2685 914 2739 P
935 2681 1052 2738 socratis
1077 2682 1159 2754 VFl

144 2758 330 2813 conclusionis
348 2760 377 2815 R
449 2763 483 2812 22
507 2757 571 2826 quis
594 2757 635 2810 ita
653 2755 725 2810 ado
749 2759 753 2822 Ι
779 2755 962 2810 entimemata
985 2754 1044 2808 VP
1069 2751 1162 2808 enthi-

143 2830 269 2884 memate
287 2848 304 2884 σ
320 2835 323 2897 Ι
340 2829 512 2884 demostenis
537 2827 582 2882 Vo
606 2827 803 2882 demosthenes
821 2827 866 2894 ΡΙ
887 2828 936 2880 aut
956 2824 1043 2897 opul]
1065 2827 1097 2878 ut
1115 2840 1161 2894 op,

144 2899 173 2955 R
190 2903 272 2970 lpost
290 2899 465 2970 opulentiam
483 2901 515 2954 in
533 2916 619 2970 marp.
642 2909 671 2964 ><-
693 2900 729 2952 al.
750 2898 777 2952 V
828 2903 863 2955 24
881 2897 1031 2952 accedetur
1050 2898 1162 2962 (omisso

144 2971 336 3042 interropondi
353 2977 432 3039 nota)
453 2972 481 3026 P
495 2973 499 3038 Ι
514 2968 586 3042 itasls
601 2975 631 3037 (3
650 2971 702 3025 litt.
721 2971 820 3038 erasis)
843 2968 886 3037 7Ι
903 2967 1016 3024 affectet
1035 2967 1104 3021 VP⁸
1122 2965 1162 3021 af-

144 3085 267 3142 fectato
338 3092 372 3142 25
396 3085 469 3142 en¹m
488 3087 536 3156 (al.
556 3087 636 3156 corr.)
661 3085 688 3139 V
705 3061 719 3140 d
743 3086 784 3154 (ot
806 3085 872 3140 hoec
888 3090 955 3140 nota
974 3098 1064 3144 aaron
1082 3097 1098 3134 c
1115 3081 1163 3135 sed

146 3159 267 3228 enatet)
284 3159 334 3226 ΡΙ
359 3159 431 3214 aliut
454 3157 498 3225 7Ι
524 3157 567 3228 es]
587 3173 621 3211 ex
641 3157 670 3210 P
739 3161 773 3210 26
792 3156 919 3224 perfecta
938 3154 984 3221 ΡΙ
1012 3149 1116 3207 ([Ηοο
1136 3151 1164 3204 Ρ

145 3272 206 3327 Hee
229 3273 267 3326 71
291 3278 295 3342 Ι
321 3274 374 3328 dne
394 3274 463 3344 (omi
481 3275 518 3328 al.
535 3275 581 3340 ss.)
606 3272 633 3327 V
702 3276 736 3325 27
760 3270 865 3325 simaoe
888 3268 926 3322 71
954 3234 1061 3323 sinnada
1085 3266 1123 3348 71

145 3348 180 3396 29
198 3343 301 3399 mentis
320 3345 411 3412 adque
435 3343 463 3400 V
477 3343 614 3415 mentisq3
635 3344 720 3412 atque
741 3342 786 3408 ΡΙ
807 3338 974 3396 commitatu
998 3339 1025 3393 V
1044 3340 1163 3393 omrtatu

147 3414 176 3467 P
190 3418 194 3481 Ι
210 3415 340 3486 degimur
361 3415 388 3470 V
403 3415 511 3486 egimus
530 3414 559 3468 P
626 3419 662 3468 30
681 3414 734 3486 pbo
756 3412 792 3466 V¹
809 3415 813 3480 Ι
828 3410 918 3482 premi
940 3409 975 3464 71
993 3409 1103 3484 premia
1126 3408 1164 3464 71

182 3493 216 3540 31
244 3490 309 3556 tyro
332 3487 360 3540 P
383 3489 387 3554 Ι
411 3484 580 3556 tyrocinium
605 3485 633 3538 P
657 3488 661 3551 Ι
689 3483 747 3538 iam
773 3499 823 3538 om.
844 3483 873 3536 P
943 3487 976 3535 32
1000 3497 1116 3552 peregre
1137 3481 1164 3534 P

147 3575 294 3628 peragram
313 3557 339 3614 V
409 3564 443 3612 33
463 3556 611 3627 conposita
634 3556 661 3610 V
1005 3579 1009 3594 ι
