2540 3962
518 177 762 244 -257-

176 339 286 422 Deque
309 339 427 421 nepote
451 359 509 402 suo
533 337 592 402 fiat
615 357 695 402 auus
718 359 868 423 proauus.

15 445 17 530 ὲ
131 427 268 513 Largius
292 431 325 491 et
347 429 503 510 poterunt
525 425 701 509 producere
724 425 794 492 fata
818 431 996 494 senectam:

177 515 234 581 ser
257 519 329 580 rata
352 518 539 598 ueterem,
563 536 645 598 quae
668 515 849 601 moderata,
873 515 988 602 magis.
1109 534 1144 583 40

68 729 122 769 XX
136 729 185 778 [³91
195 727 238 776 Ep.
245 728 275 775 11]

132 797 255 852 PATER
289 796 339 849 AD
372 793 500 848 FILIVM
537 794 614 848 CVM
651 793 886 850 TEMPORIBVS
924 795 1146 851 TYRANNICIS

132 867 212 923 IPSE
238 864 420 920 TREVERIS
439 863 693 920 REMANSISSET
712 865 758 919 ET
776 865 893 922 FILIVS
912 868 962 922 AD
981 867 1148 922 PATRIAM

132 935 476 994 PROTEGTVSESSET.
494 935 568 990 Hoc
583 935 805 991 INCOHATVM
815 937 941 1004 NEQVE
955 937 1148 993 INPLETVM

356 1006 409 1061 SIC
427 1005 477 1060 DE
496 1006 706 1061 LlTVEABIIS
726 1006 919 1064 SCRIPTVM.

478 1118 497 1159 s
630 1118 649 1160 e
783 1119 801 1160 s

133 1188 243 1253 Debeo
267 1191 301 1253 et
323 1188 408 1252 hano
431 1185 564 1266 nostris,
587 1186 634 1250 fili
658 1186 856 1272 dulcissime,
880 1189 965 1254 euris

132 1277 325 1343 Historiam:
350 1295 548 1360 quamquam
571 1273 668 1339 titulo
692 1295 759 1358 non
781 1276 882 1360 digna
905 1299 1018 1342 sereno

133 1363 241 1431 Anxia
264 1367 461 1431 maestarum
482 1362 583 1429 fuerit
605 1362 806 1447 querimonia
828 1386 946 1430 rerum.

132 1455 203 1520 lam
228 1475 323 1539 super
346 1452 489 1538 egelidae
514 1452 704 1538 stagnantia
726 1455 820 1536 terga
843 1451 998 1519 Mosellae

132 1543 320 1609 Protulerat
342 1546 387 1620 te,
410 1545 501 1625 nate,
523 1541 605 1606 ratis
628 1541 809 1625 maestique
832 1543 976 1626 parentis
1132 1559 1147 1608 t

134 1631 254 1698 Oscula
278 1635 311 1697 et
335 1631 503 1716 amplexus
527 1628 725 1694 disereuerat
747 1629 877 1696 inuidos
900 1631 1015 1696 amnis.

133 1720 228 1787 Solus
253 1741 313 1806 ego
336 1723 370 1784 et
393 1718 543 1803 quamuis
567 1721 662 1783 coetu
685 1719 868 1784 celebratus
892 1720 996 1785 amieo

133 1809 229 1876 Solus
254 1830 341 1874 eram
365 1808 587 1892 profugaeque
612 1807 729 1872 dabam
753 1805 808 1891 pia
831 1812 908 1873 uota
931 1809 1059 1875 carinae

134 1897 228 1965 Solus
253 1897 358 1962 adhue
381 1901 428 1981 te,
450 1900 541 1980 nate,
563 1895 691 1980 uidens3
716 1897 893 1982 celerisque
916 1899 1050 1964 remuloi

134 1986 315 2071 Oulpabam
338 1982 502 2071 properos
518 1984 655 2052 aduerso
678 1985 810 2050 flumine
834 2007 954 2052 eureus.
1118 2002 1149 2053 10

135 2075 214 2153 Quis
236 2075 301 2140 fuit
322 2075 378 2140 ille
402 2073 494 2140 dies?
516 2095 582 2139 non
606 2095 709 2138 annue
732 2075 862 2160 longior
883 2076 939 2140 ille
962 2079 1027 2161 est,

133 2165 246 2242 Attica
269 2185 365 2249 quern
388 2163 476 2229 <loeti
500 2161 634 2247 collegit
656 2181 733 2228 eura
756 2162 908 2230 Metonis.

134 2253 291 2318 Desertus
314 2253 425 2318 uacuis
450 2251 593 2336 solisque
617 2272 766 2317 exerceor
789 2253 865 2317 oris.

134 2341 231 2407 Nune
255 2361 316 2426 ego
339 2342 498 2426 pubentes
522 2340 659 2406 solioum
683 2341 859 2406 deuerbero
882 2340 1029 2426 frondes,

136 2431 327 2500 Gramineus
351 2451 437 2495 nuno
459 2430 576 2514 frango
599 2433 690 2495 toros
714 2429 898 2513 uiridesque
921 2449 980 2514 per
997 2430 1092 2496 uluas
1118 2447 1150 2496 15

134 2519 276 2585 Lubrica
299 2519 474 2585 substratis
497 2518 639 2604 uestigia
662 2518 746 2583 libro
769 2518 902 2601 lapillis.

136 2607 189 2674 Sic
211 2609 267 2674 lux
289 2609 396 2692 prima
420 2604 514 2690 abiit,
538 2607 585 2671 sio
609 2607 711 2672 altera
734 2610 821 2672 meta
844 2606 920 2691 diei,

208 2825 243 2875 38
261 2819 322 2872 fiais
341 2817 352 2871 i
370 2833 404 2873 ea
423 2833 438 2872 e
457 2823 489 2872 ut
506 2816 565 2872 uid.
585 2816 612 2870 V

208 2905 260 2961 XX
285 2905 599 2993 peter]1uou>1rrsrra
618 2906 623 2976 Ι
648 2905 724 2976 oum]
744 2921 830 2974 quum
853 2904 880 2961 V
902 2906 906 2975 Ι
930 2904 1076 2961 tirannieis
1100 2906 1127 2962 V
1145 2907 1150 2979 Ι
1182 2906 1209 2961 V

134 2994 254 3052 treberis
278 2995 315 3051 V¹
335 2997 340 3065 Ι
364 2995 527 3050 remisisset
548 2993 575 3049 V
592 2996 597 3064 Ι
622 2993 660 3050 ad
677 2992 801 3066 patriam
821 2994 922 3065 Per'per
939 2995 977 3050 ad
994 2997 1104 3064 patrem
1130 2994 1156 3048 V

136 3087 254 3154 epatre
273 3083 397 3156 Scaliger
414 3085 494 3152 2,13
515 3085 533 3156 Ι’
544 3070 699 3157 mlinooatri
719 3085 815 3154 (nooat
831 3085 864 3139 ire
881 3085 948 3152 ras.)
973 3082 1022 3151 Vl
1044 3084 1153 3138 littera
1247 3079 1252 3086 “

135 3156 186 3210 riis
200 3155 228 3212 V
243 3172 312 3211 corr.
323 3155 463 3227 Sestium
479 3156 664 3226 fragmentum
677 3153 731 3212 Nee
744 3157 877 3226 msulae
894 3155 968 3210 uidet
980 3153 1117 3210 Brontes.

137 3233 153 3283 3
172 3227 270 3282 anesis
288 3226 316 3283 V
332 3227 360 3295 (x
378 3243 412 3282 ere
430 3233 464 3282 e?
481 3243 584 3282 rasura
601 3243 685 3297 saper
703 3244 721 3281 a
739 3225 808 3283 alt?
827 3223 886 3296 Vll
906 3225 1089 3296 maestorum]
1109 3241 1154 3280 me

136 3303 259 3404 ’ὧι-(ωε
278 3349 311 3388 ex
329 3348 398 3389 corr.
419 3334 454 3390 al.
472 3350 525 3403 pro
545 3337 587 3388 est
604 3338 636 3388 ut
653 3333 722 3402 uid.)
742 3332 770 3387 V
839 3331 947 3388 oratos
967 3327 995 3385 V
1063 3331 1154 3386 Adis-

137 3405 266 3460 ereberat
288 3404 324 3459 V¹
397 3407 497 3460 iaetu
519 3405 548 3460 V
617 3405 723 3459 eaduo
742 3403 769 3459 V
839 3408 872 3458 12
891 3402 1018 3458 medonis
1042 3401 1070 3458 V
1084 3419 1153 3459 corr.

137 3477 267 3532 Pithoeus
341 3479 374 3530 13
394 3493 447 3602 φὶς
471 3476 520 3544 Vl
546 3475 601 3531 oris
623 3477 754 3532 Pithoeus
773 3475 829 3530 aris
853 3475 879 3529 V
950 3479 984 3528 14
1002 3473 1159 3530 deberbero'

141 3546 178 3601 V¹
242 3552 276 3602 15
294 3545 393 3602 uiridis
506 3553 540 3604 17
558 3548 635 3621 meta
659 3548 686 3600 V

191 3645 323 3689 Arsorrrs.
960 3642 993 3692 17
