<?xml version="1.0" encoding="UTF-8"?>
<!DOCTYPE html PUBLIC "-//W3C//DTD XHTML 1.0 Transitional//EN"
    "http://www.w3.org/TR/xhtml1/DTD/xhtml1-transitional.dtd">
<html xmlns="http://www.w3.org/1999/xhtml" xml:lang="en" lang="en">
 <head>
  <title>
</title>
<meta http-equiv="Content-Type" content="text/html;charset=utf-8" />
  <meta name='ocr-system' content='tesseract 3.04.00' />
  <meta name='ocr-capabilities' content='ocr_page ocr_carea ocr_par ocr_line ocrx_word'/>
</head>
<body>
  <div class='ocr_page' id='page_1' title='image "./decimimagniavso01ausogoog_0160.png"; bbox 0 0 2516 3954; ppageno 0'>
   <div class='ocr_carea' id='block_1_1' title="bbox 528 163 743 228">
    <p class='ocr_par' dir='ltr' id='par_1_1' title="bbox 528 163 743 228">
     <span class='ocr_line' id='line_1_1' title="bbox 528 163 743 228; baseline 0 -18"><span class='ocrx_word' id='word_1_1' title='bbox 528 163 743 228; x_wconf 73' lang='lat'><strong>...23-</strong></span> 
     </span>
    </p>
   </div>
   <div class='ocr_carea' id='block_1_2' title="bbox 160 322 1143 2630">
    <p class='ocr_par' dir='ltr' id='par_1_2' title="bbox 169 322 932 498">
     <span class='ocr_line' id='line_1_2' title="bbox 169 322 800 407; baseline 0.002 -19"><span class='ocrx_word' id='word_1_2' title='bbox 169 323 278 389; x_wconf 86' lang='lat' dir='ltr'>Vitati</span> <span class='ocrx_word' id='word_1_3' title='bbox 301 325 412 388; x_wconf 90' lang='lat' dir='ltr'>coetus</span> <span class='ocrx_word' id='word_1_4' title='bbox 437 322 617 407; x_wconf 88' lang='lat' dir='ltr'>eiuratique</span> <span class='ocrx_word' id='word_1_5' title='bbox 639 323 800 389; x_wconf 86' lang='lat' dir='ltr'>tumultus</span> 
     </span>
     <span class='ocr_line' id='line_1_3' title="bbox 212 411 932 498; baseline 0.003 -22"><span class='ocrx_word' id='word_1_6' title='bbox 212 411 259 477; x_wconf 84' lang='lat' dir='ltr'>Et</span> <span class='ocrx_word' id='word_1_7' title='bbox 284 433 411 496; x_wconf 82' lang='lat' dir='ltr'><strong>semper</strong></span> <span class='ocrx_word' id='word_1_8' title='bbox 433 412 528 478; x_wconf 89' lang='lat' dir='ltr'>fictae</span> <span class='ocrx_word' id='word_1_9' title='bbox 551 413 737 498; x_wconf 82' lang='lat' dir='ltr'>principum</span> <span class='ocrx_word' id='word_1_10' title='bbox 760 412 932 479; x_wconf 75' lang='lat' dir='ltr'>amicitiae.</span> 
     </span>
    </p>

    <p class='ocr_par' dir='ltr' id='par_1_3' title="bbox 169 500 1047 676">
     <span class='ocr_line' id='line_1_4' title="bbox 169 500 1047 586; baseline 0.002 -20"><span class='ocrx_word' id='word_1_11' title='bbox 169 501 354 586; x_wconf 92' lang='lat' dir='ltr'>Deliquisse</span> <span class='ocrx_word' id='word_1_12' title='bbox 379 500 463 565; x_wconf 93' lang='lat' dir='ltr'>nihil</span> <span class='ocrx_word' id='word_1_13' title='bbox 485 523 664 586; x_wconf 87' lang='lat' dir='ltr'><strong>numquam</strong></span> <span class='ocrx_word' id='word_1_14' title='bbox 687 501 815 566; x_wconf 88' lang='lat' dir='ltr'>laudem</span> <span class='ocrx_word' id='word_1_15' title='bbox 840 523 910 568; x_wconf 88' lang='lat' dir='ltr'>esse</span> <span class='ocrx_word' id='word_1_16' title='bbox 933 505 1047 586; x_wconf 87' lang='lat' dir='ltr'>putaui</span> 
     </span>
     <span class='ocr_line' id='line_1_5' title="bbox 216 588 906 676; baseline 0.003 -22"><span class='ocrx_word' id='word_1_17' title='bbox 216 588 325 675; x_wconf 84' lang='lat' dir='ltr'>Atque</span> <span class='ocrx_word' id='word_1_18' title='bbox 348 589 452 655; x_wconf 89' lang='lat' dir='ltr'>bonos</span> <span class='ocrx_word' id='word_1_19' title='bbox 477 612 582 656; x_wconf 90' lang='lat' dir='ltr'>mores</span> <span class='ocrx_word' id='word_1_20' title='bbox 606 590 734 676; x_wconf 89' lang='lat' dir='ltr'>legibus</span> <span class='ocrx_word' id='word_1_21' title='bbox 758 591 906 656; x_wconf 92' lang='lat' dir='ltr'>antetuli.</span> 
     </span>
    </p>

    <p class='ocr_par' dir='ltr' id='par_1_4' title="bbox 168 678 1143 853">
     <span class='ocr_line' id='line_1_6' title="bbox 168 678 1143 764; baseline 0.006 -22"><span class='ocrx_word' id='word_1_22' title='bbox 168 678 271 744; x_wconf 84' lang='lat' dir='ltr'>Irasci</span> <span class='ocrx_word' id='word_1_23' title='bbox 293 682 465 764; x_wconf 88' lang='lat' dir='ltr'>promptus</span> <span class='ocrx_word' id='word_1_24' title='bbox 489 680 663 764; x_wconf 87' lang='lat' dir='ltr'>properaui</span> <span class='ocrx_word' id='word_1_25' title='bbox 686 678 825 744; x_wconf 90' lang='lat' dir='ltr'>condere</span> <span class='ocrx_word' id='word_1_26' title='bbox 849 684 974 746; x_wconf 89' lang='lat' dir='ltr'>motum</span> <span class='ocrx_word' id='word_1_27' title='bbox 1109 698 1143 748; x_wconf 84' lang='lat'>35</span> 
     </span>
     <span class='ocr_line' id='line_1_7' title="bbox 215 766 924 853; baseline 0.003 -21"><span class='ocrx_word' id='word_1_28' title='bbox 215 766 324 852; x_wconf 84' lang='lat' dir='ltr'>Atque</span> <span class='ocrx_word' id='word_1_29' title='bbox 348 767 430 832; x_wconf 92' lang='lat' dir='ltr'>mihi</span> <span class='ocrx_word' id='word_1_30' title='bbox 453 789 575 853; x_wconf 91' lang='lat' dir='ltr'>poenas</span> <span class='ocrx_word' id='word_1_31' title='bbox 599 790 658 852; x_wconf 92' lang='lat' dir='ltr'>pro</span> <span class='ocrx_word' id='word_1_32' title='bbox 682 768 817 832; x_wconf 90' lang='lat' dir='ltr'>leuitate</span> <span class='ocrx_word' id='word_1_33' title='bbox 842 768 924 834; x_wconf 90' lang='lat' dir='ltr'>dedi.</span> 
     </span>
    </p>

    <p class='ocr_par' dir='ltr' id='par_1_5' title="bbox 171 855 1123 1031">
     <span class='ocr_line' id='line_1_8' title="bbox 171 855 1123 941; baseline 0.006 -21"><span class='ocrx_word' id='word_1_34' title='bbox 171 855 365 938; x_wconf 81' lang='lat' dir='ltr'>Coniugium</span> <span class='ocrx_word' id='word_1_35' title='bbox 392 878 451 941; x_wconf 87' lang='lat' dir='ltr'>per</span> <span class='ocrx_word' id='word_1_36' title='bbox 474 858 578 922; x_wconf 85' lang='lat' dir='ltr'>lustra</span> <span class='ocrx_word' id='word_1_37' title='bbox 600 879 716 922; x_wconf 88' lang='lat' dir='ltr'>nouem</span> <span class='ocrx_word' id='word_1_38' title='bbox 742 857 811 922; x_wconf 87' lang='lat' dir='ltr'>sine</span> <span class='ocrx_word' id='word_1_39' title='bbox 835 858 969 923; x_wconf 90' lang='lat' dir='ltr'>crimine</span> <span class='ocrx_word' id='word_1_40' title='bbox 994 880 1123 926; x_wconf 88' lang='lat' dir='ltr'>concors</span> 
     </span>
     <span class='ocr_line' id='line_1_9' title="bbox 212 945 970 1031; baseline 0.004 -22"><span class='ocrx_word' id='word_1_41' title='bbox 212 945 322 1010; x_wconf 87' lang='lat' dir='ltr'>Vnum</span> <span class='ocrx_word' id='word_1_42' title='bbox 345 945 462 1010; x_wconf 90' lang='lat' dir='ltr'>habui:</span> <span class='ocrx_word' id='word_1_43' title='bbox 486 949 603 1031; x_wconf 87' lang='lat' dir='ltr'>gnatos</span> <span class='ocrx_word' id='word_1_44' title='bbox 628 948 781 1030; x_wconf 84' lang='lat' dir='ltr'>quattuor</span> <span class='ocrx_word' id='word_1_45' title='bbox 805 946 970 1012; x_wconf 87' lang='lat' dir='ltr'>edidimus.</span> 
     </span>
    </p>

    <p class='ocr_par' dir='ltr' id='par_1_6' title="bbox 167 1033 1141 1191">
     <span class='ocr_line' id='line_1_10' title="bbox 167 1033 1040 1121; baseline 0.006 -24"><span class='ocrx_word' id='word_1_46' title='bbox 167 1033 278 1099; x_wconf 87' lang='lat' dir='ltr'>Prima</span> <span class='ocrx_word' id='word_1_47' title='bbox 301 1034 384 1098; x_wconf 89' lang='lat' dir='ltr'>obiit</span> <span class='ocrx_word' id='word_1_48' title='bbox 406 1036 548 1119; x_wconf 80' lang='lat' dir='ltr'>lactans3</span> <span class='ocrx_word' id='word_1_49' title='bbox 573 1037 607 1099; x_wconf 87' lang='lat' dir='ltr'>at</span> <span class='ocrx_word' id='word_1_50' title='bbox 631 1035 686 1119; x_wconf 90' lang='lat' dir='ltr'>qui</span> <span class='ocrx_word' id='word_1_51' title='bbox 708 1034 771 1098; x_wconf 85' lang='lat' dir='ltr'>fuit</span> <span class='ocrx_word' id='word_1_52' title='bbox 795 1035 929 1102; x_wconf 90' lang='lat' dir='ltr'>ultimus</span> <span class='ocrx_word' id='word_1_53' title='bbox 954 1038 1040 1121; x_wconf 90' lang='lat' dir='ltr'>aeui,</span> 
     </span>
     <span class='ocr_line' id='line_1_11' title="bbox 211 1122 1141 1191; baseline 0.004 -4"><span class='ocrx_word' id='word_1_54' title='bbox 211 1122 385 1188; x_wconf 88' lang='lat' dir='ltr'>Pubertate</span> <span class='ocrx_word' id='word_1_55' title='bbox 409 1123 482 1188; x_wconf 91' lang='lat' dir='ltr'>rudi</span> <span class='ocrx_word' id='word_1_56' title='bbox 505 1145 572 1188; x_wconf 89' lang='lat' dir='ltr'>non</span> <span class='ocrx_word' id='word_1_57' title='bbox 595 1123 684 1190; x_wconf 88' lang='lat' dir='ltr'>rudis</span> <span class='ocrx_word' id='word_1_58' title='bbox 708 1123 843 1189; x_wconf 87' lang='lat' dir='ltr'>interiit.</span> <span class='ocrx_word' id='word_1_59' title='bbox 1107 1141 1141 1191; x_wconf 88' lang='lat'>40</span> 
     </span>
    </p>

    <p class='ocr_par' dir='ltr' id='par_1_7' title="bbox 166 1210 1119 1385">
     <span class='ocr_line' id='line_1_12' title="bbox 166 1210 1119 1298; baseline 0.004 -23"><span class='ocrx_word' id='word_1_60' title='bbox 166 1210 329 1276; x_wconf 76' lang='lat' dir='ltr'>Maximus</span> <span class='ocrx_word' id='word_1_61' title='bbox 354 1212 394 1276; x_wconf 89' lang='lat' dir='ltr'>ad</span> <span class='ocrx_word' id='word_1_62' title='bbox 419 1234 580 1276; x_wconf 89' lang='lat' dir='ltr'>summum</span> <span class='ocrx_word' id='word_1_63' title='bbox 605 1212 754 1277; x_wconf 90' lang='lat' dir='ltr'>columen</span> <span class='ocrx_word' id='word_1_64' title='bbox 776 1213 927 1296; x_wconf 87' lang='lat' dir='ltr'>peruenit</span> <span class='ocrx_word' id='word_1_65' title='bbox 951 1214 1119 1298; x_wconf 91' lang='lat' dir='ltr'>honorum,</span> 
     </span>
     <span class='ocr_line' id='line_1_13' title="bbox 210 1299 915 1385; baseline 0.004 -22"><span class='ocrx_word' id='word_1_66' title='bbox 210 1299 397 1365; x_wconf 75' lang='lat' dir='ltr'>Praefectus</span> <span class='ocrx_word' id='word_1_67' title='bbox 421 1299 524 1366; x_wconf 83' lang='lat' dir='ltr'>Gallis</span> <span class='ocrx_word' id='word_1_68' title='bbox 548 1305 581 1366; x_wconf 89' lang='lat' dir='ltr'>et</span> <span class='ocrx_word' id='word_1_69' title='bbox 602 1300 726 1385; x_wconf 82' lang='lat' dir='ltr'>Libyae</span> <span class='ocrx_word' id='word_1_70' title='bbox 750 1304 783 1365; x_wconf 93' lang='lat' dir='ltr'>et</span> <span class='ocrx_word' id='word_1_71' title='bbox 805 1299 915 1385; x_wconf 87' lang='lat' dir='ltr'>Latio,</span> 
     </span>
    </p>

    <p class='ocr_par' dir='ltr' id='par_1_8' title="bbox 166 1388 1073 1563">
     <span class='ocr_line' id='line_1_14' title="bbox 166 1388 1073 1475; baseline 0.003 -23"><span class='ocrx_word' id='word_1_72' title='bbox 166 1388 390 1474; x_wconf 81' lang='lat' dir='ltr'>Tranquillus,</span> <span class='ocrx_word' id='word_1_73' title='bbox 415 1391 569 1475; x_wconf 88' lang='lat' dir='ltr'>clemens,</span> <span class='ocrx_word' id='word_1_74' title='bbox 592 1389 708 1474; x_wconf 88' lang='lat' dir='ltr'>oculis,</span> <span class='ocrx_word' id='word_1_75' title='bbox 732 1410 825 1473; x_wconf 85' lang='lat' dir='ltr'>uoce,</span> <span class='ocrx_word' id='word_1_76' title='bbox 848 1411 903 1454; x_wconf 86' lang='lat' dir='ltr'>ore</span> <span class='ocrx_word' id='word_1_77' title='bbox 928 1412 1073 1470; x_wconf 88' lang='lat' dir='ltr'>screnus,</span> 
     </span>
     <span class='ocr_line' id='line_1_15' title="bbox 210 1477 947 1563; baseline 0.001 -22"><span class='ocrx_word' id='word_1_78' title='bbox 210 1477 250 1541; x_wconf 92' lang='lat' dir='ltr'>In</span> <span class='ocrx_word' id='word_1_79' title='bbox 273 1477 423 1562; x_wconf 86' lang='lat' dir='ltr'>genitore</span> <span class='ocrx_word' id='word_1_80' title='bbox 447 1500 506 1543; x_wconf 90' lang='lat' dir='ltr'>suo</span> <span class='ocrx_word' id='word_1_81' title='bbox 529 1482 638 1544; x_wconf 88' lang='lat' dir='ltr'>mente</span> <span class='ocrx_word' id='word_1_82' title='bbox 663 1479 836 1563; x_wconf 87' lang='lat' dir='ltr'>animoque</span> <span class='ocrx_word' id='word_1_83' title='bbox 859 1501 947 1562; x_wconf 89' lang='lat' dir='ltr'>puer.</span> 
     </span>
    </p>

    <p class='ocr_par' dir='ltr' id='par_1_9' title="bbox 165 1565 1140 1741">
     <span class='ocr_line' id='line_1_16' title="bbox 165 1565 1140 1653; baseline 0.003 -23"><span class='ocrx_word' id='word_1_84' title='bbox 165 1565 273 1631; x_wconf 90' lang='lat' dir='ltr'>Huius</span> <span class='ocrx_word' id='word_1_85' title='bbox 293 1586 353 1651; x_wconf 87' lang='lat' dir='ltr'>ego</span> <span class='ocrx_word' id='word_1_86' title='bbox 374 1570 407 1631; x_wconf 91' lang='lat' dir='ltr'>et</span> <span class='ocrx_word' id='word_1_87' title='bbox 425 1573 539 1632; x_wconf 88' lang='lat' dir='ltr'>natum</span> <span class='ocrx_word' id='word_1_88' title='bbox 558 1571 591 1632; x_wconf 91' lang='lat' dir='ltr'>et</span> <span class='ocrx_word' id='word_1_89' title='bbox 609 1589 765 1652; x_wconf 84' lang='lat' dir='ltr'>generum</span> <span class='ocrx_word' id='word_1_90' title='bbox 784 1588 843 1651; x_wconf 87' lang='lat' dir='ltr'>pro</span> <span class='ocrx_word' id='word_1_91' title='bbox 862 1568 994 1632; x_wconf 90' lang='lat' dir='ltr'>consule</span> <span class='ocrx_word' id='word_1_92' title='bbox 1007 1568 1087 1653; x_wconf 83' lang='lat' dir='ltr'>uidi3</span> <span class='ocrx_word' id='word_1_93' title='bbox 1106 1585 1140 1634; x_wconf 82' lang='lat'>45</span> 
     </span>
     <span class='ocr_line' id='line_1_17' title="bbox 212 1653 1019 1741; baseline 0.001 -21"><span class='ocrx_word' id='word_1_94' title='bbox 212 1654 336 1720; x_wconf 78' lang='lat' dir='ltr'>Consul</span> <span class='ocrx_word' id='word_1_95' title='bbox 358 1658 395 1719; x_wconf 89' lang='lat' dir='ltr'>ut</span> <span class='ocrx_word' id='word_1_96' title='bbox 419 1657 488 1740; x_wconf 87' lang='lat' dir='ltr'>ipse</span> <span class='ocrx_word' id='word_1_97' title='bbox 511 1657 610 1739; x_wconf 87' lang='lat' dir='ltr'>foret,</span> <span class='ocrx_word' id='word_1_98' title='bbox 634 1678 708 1741; x_wconf 90' lang='lat' dir='ltr'>spes</span> <span class='ocrx_word' id='word_1_99' title='bbox 733 1653 815 1720; x_wconf 89' lang='lat' dir='ltr'>mihi</span> <span class='ocrx_word' id='word_1_100' title='bbox 838 1660 926 1720; x_wconf 88' lang='lat' dir='ltr'>certa</span> <span class='ocrx_word' id='word_1_101' title='bbox 949 1656 1019 1722; x_wconf 89' lang='lat' dir='ltr'>fuit.</span> 
     </span>
    </p>

    <p class='ocr_par' dir='ltr' id='par_1_10' title="bbox 164 1741 950 1918">
     <span class='ocr_line' id='line_1_18' title="bbox 164 1741 857 1829; baseline 0.003 -22"><span class='ocrx_word' id='word_1_102' title='bbox 164 1741 348 1809; x_wconf 87' lang='lat' dir='ltr'>Matronale</span> <span class='ocrx_word' id='word_1_103' title='bbox 372 1744 469 1810; x_wconf 90' lang='lat' dir='ltr'>decus</span> <span class='ocrx_word' id='word_1_104' title='bbox 492 1745 639 1828; x_wconf 79' lang='lat' dir='ltr'>possedit</span> <span class='ocrx_word' id='word_1_105' title='bbox 660 1745 744 1829; x_wconf 85' lang='lat' dir='ltr'>filia,</span> <span class='ocrx_word' id='word_1_106' title='bbox 767 1745 857 1810; x_wconf 88' lang='lat' dir='ltr'>cuius</span> 
     </span>
     <span class='ocr_line' id='line_1_19' title="bbox 208 1832 950 1918; baseline 0.003 -22"><span class='ocrx_word' id='word_1_107' title='bbox 208 1832 354 1918; x_wconf 81' lang='lat' dir='ltr'>Egregia</span> <span class='ocrx_word' id='word_1_108' title='bbox 378 1837 411 1897; x_wconf 92' lang='lat' dir='ltr'>et</span> <span class='ocrx_word' id='word_1_109' title='bbox 432 1837 554 1917; x_wconf 88' lang='lat' dir='ltr'>nuptae</span> <span class='ocrx_word' id='word_1_110' title='bbox 577 1835 649 1898; x_wconf 88' lang='lat' dir='ltr'>laus</span> <span class='ocrx_word' id='word_1_111' title='bbox 674 1837 746 1899; x_wconf 87' lang='lat' dir='ltr'>erat</span> <span class='ocrx_word' id='word_1_112' title='bbox 770 1838 803 1898; x_wconf 87' lang='lat' dir='ltr'>et</span> <span class='ocrx_word' id='word_1_113' title='bbox 825 1833 950 1898; x_wconf 89' lang='lat' dir='ltr'>uiduae.</span> 
     </span>
    </p>

    <p class='ocr_par' dir='ltr' id='par_1_11' title="bbox 166 1920 1138 2094">
     <span class='ocr_line' id='line_1_20' title="bbox 166 1920 1089 2009; baseline 0.002 -23"><span class='ocrx_word' id='word_1_114' title='bbox 166 1920 255 1998; x_wconf 78' lang='lat' dir='ltr'>Quae</span> <span class='ocrx_word' id='word_1_115' title='bbox 278 1921 348 1986; x_wconf 88' lang='lat' dir='ltr'>nati</span> <span class='ocrx_word' id='word_1_116' title='bbox 372 1922 548 2009; x_wconf 82' lang='lat' dir='ltr'>generique</span> <span class='ocrx_word' id='word_1_117' title='bbox 572 1927 605 1988; x_wconf 89' lang='lat' dir='ltr'>et</span> <span class='ocrx_word' id='word_1_118' title='bbox 628 1923 799 2007; x_wconf 85' lang='lat' dir='ltr'>progeneri</span> <span class='ocrx_word' id='word_1_119' title='bbox 823 1922 920 1988; x_wconf 92' lang='lat' dir='ltr'>simul</span> <span class='ocrx_word' id='word_1_120' title='bbox 945 1924 1089 1988; x_wconf 91' lang='lat' dir='ltr'>omnium</span> 
     </span>
     <span class='ocr_line' id='line_1_21' title="bbox 208 2009 1138 2094; baseline 0.005 -20"><span class='ocrx_word' id='word_1_121' title='bbox 208 2009 385 2094; x_wconf 90' lang='lat' dir='ltr'>Multiplici</span> <span class='ocrx_word' id='word_1_122' title='bbox 408 2011 561 2078; x_wconf 88' lang='lat' dir='ltr'>inlustres</span> <span class='ocrx_word' id='word_1_123' title='bbox 586 2012 669 2076; x_wconf 89' lang='lat' dir='ltr'>uidit</span> <span class='ocrx_word' id='word_1_124' title='bbox 691 2012 814 2077; x_wconf 91' lang='lat' dir='ltr'>honore</span> <span class='ocrx_word' id='word_1_125' title='bbox 837 2011 960 2077; x_wconf 87' lang='lat' dir='ltr'>domos.</span> <span class='ocrx_word' id='word_1_126' title='bbox 1104 2029 1138 2080; x_wconf 79' lang='lat' dir='ltr'>co</span> 
     </span>
    </p>

    <p class='ocr_par' dir='ltr' id='par_1_12' title="bbox 162 2099 1066 2274">
     <span class='ocr_line' id='line_1_22' title="bbox 162 2099 1066 2182; baseline -0.001 -19"><span class='ocrx_word' id='word_1_127' title='bbox 162 2099 238 2182; x_wconf 89' lang='lat' dir='ltr'>Ipse</span> <span class='ocrx_word' id='word_1_128' title='bbox 260 2120 321 2164; x_wconf 90' lang='lat' dir='ltr'>nec</span> <span class='ocrx_word' id='word_1_129' title='bbox 345 2099 509 2165; x_wconf 85' lang='lat' dir='ltr'>adfectans</span> <span class='ocrx_word' id='word_1_130' title='bbox 532 2122 592 2166; x_wconf 89' lang='lat' dir='ltr'>nec</span> <span class='ocrx_word' id='word_1_131' title='bbox 615 2101 812 2166; x_wconf 88' lang='lat' dir='ltr'>detrectator</span> <span class='ocrx_word' id='word_1_132' title='bbox 833 2101 993 2166; x_wconf 89' lang='lat' dir='ltr'>honorum</span> <span class='ocrx_word' id='word_1_133' title='bbox 1060 2154 1066 2162; x_wconf 92' lang='lat'>.</span> 
     </span>
     <span class='ocr_line' id='line_1_23' title="bbox 208 2187 876 2274; baseline 0.003 -23"><span class='ocrx_word' id='word_1_134' title='bbox 208 2187 397 2254; x_wconf 87' lang='lat' dir='ltr'>Praefectus</span> <span class='ocrx_word' id='word_1_135' title='bbox 420 2190 532 2274; x_wconf 87' lang='lat' dir='ltr'>magni</span> <span class='ocrx_word' id='word_1_136' title='bbox 554 2211 723 2274; x_wconf 89' lang='lat' dir='ltr'>nuncupor</span> <span class='ocrx_word' id='word_1_137' title='bbox 745 2188 876 2273; x_wconf 87' lang='lat' dir='ltr'>Illyrici.</span> 
     </span>
    </p>

    <p class='ocr_par' dir='ltr' id='par_1_13' title="bbox 166 2275 976 2451">
     <span class='ocr_line' id='line_1_24' title="bbox 166 2275 976 2364; baseline 0.004 -24"><span class='ocrx_word' id='word_1_138' title='bbox 166 2275 258 2341; x_wconf 88' lang='lat' dir='ltr'>Haec</span> <span class='ocrx_word' id='word_1_139' title='bbox 282 2297 333 2340; x_wconf 91' lang='lat' dir='ltr'>me</span> <span class='ocrx_word' id='word_1_140' title='bbox 356 2278 507 2343; x_wconf 87' lang='lat' dir='ltr'>fortunae</span> <span class='ocrx_word' id='word_1_141' title='bbox 531 2279 624 2364; x_wconf 85' lang='lat' dir='ltr'>larga</span> <span class='ocrx_word' id='word_1_142' title='bbox 646 2278 848 2364; x_wconf 80' lang='lat' dir='ltr'>indulgentia</span> <span class='ocrx_word' id='word_1_143' title='bbox 872 2278 976 2343; x_wconf 81' lang='lat' dir='ltr'>suasit</span> 
     </span>
     <span class='ocr_line' id='line_1_25' title="bbox 207 2364 915 2451; baseline 0.001 -22"><span class='ocrx_word' id='word_1_144' title='bbox 207 2364 351 2431; x_wconf 86' lang='lat' dir='ltr'>Numine</span> <span class='ocrx_word' id='word_1_145' title='bbox 374 2367 510 2432; x_wconf 84' lang='lat' dir='ltr'>adorato</span> <span class='ocrx_word' id='word_1_146' title='bbox 533 2369 620 2432; x_wconf 87' lang='lat' dir='ltr'>uitae</span> <span class='ocrx_word' id='word_1_147' title='bbox 644 2368 768 2433; x_wconf 89' lang='lat' dir='ltr'>obitum</span> <span class='ocrx_word' id='word_1_148' title='bbox 791 2371 915 2451; x_wconf 88' lang='lat' dir='ltr'>petere,</span> 
     </span>
    </p>

    <p class='ocr_par' dir='ltr' id='par_1_14' title="bbox 160 2451 1137 2630">
     <span class='ocr_line' id='line_1_26' title="bbox 160 2451 1137 2540; baseline 0.004 -22"><span class='ocrx_word' id='word_1_149' title='bbox 160 2451 212 2519; x_wconf 90' lang='lat' dir='ltr'>Ne</span> <span class='ocrx_word' id='word_1_150' title='bbox 235 2455 421 2520; x_wconf 83' lang='lat' dir='ltr'>fortunatae</span> <span class='ocrx_word' id='word_1_151' title='bbox 444 2455 586 2540; x_wconf 90' lang='lat' dir='ltr'>spatium</span> <span class='ocrx_word' id='word_1_152' title='bbox 611 2456 800 2522; x_wconf 89' lang='lat' dir='ltr'>inuiolabile</span> <span class='ocrx_word' id='word_1_153' title='bbox 824 2456 912 2520; x_wconf 88' lang='lat' dir='ltr'>uitae</span> <span class='ocrx_word' id='word_1_154' title='bbox 1103 2473 1137 2522; x_wconf 80' lang='lat'>55</span> 
     </span>
     <span class='ocr_line' id='line_1_27' title="bbox 207 2543 840 2630; baseline 0.003 -23"><span class='ocrx_word' id='word_1_155' title='bbox 207 2543 317 2608; x_wconf 86' lang='lat' dir='ltr'>Fatali</span> <span class='ocrx_word' id='word_1_156' title='bbox 340 2567 450 2610; x_wconf 91' lang='lat' dir='ltr'>morsu</span> <span class='ocrx_word' id='word_1_157' title='bbox 474 2545 648 2630; x_wconf 87' lang='lat' dir='ltr'>stringeret</span> <span class='ocrx_word' id='word_1_158' title='bbox 671 2545 740 2611; x_wconf 91' lang='lat' dir='ltr'>ulla</span> <span class='ocrx_word' id='word_1_159' title='bbox 762 2545 840 2610; x_wconf 89' lang='lat' dir='ltr'>dies.</span> 
     </span>
    </p>
   </div>
   <div class='ocr_carea' id='block_1_3' title="bbox 113 2700 1137 2914">
    <p class='ocr_par' dir='ltr' id='par_1_15' title="bbox 113 2700 1137 2914">
     <span class='ocr_line' id='line_1_28' title="bbox 189 2700 1136 2771; baseline 0.003 -16"><span class='ocrx_word' id='word_1_160' title='bbox 189 2707 222 2755; x_wconf 88' lang='lat'>31</span> <span class='ocrx_word' id='word_1_161' title='bbox 243 2701 340 2771; x_wconf 77' lang='lat' dir='ltr'>uitatis</span> <span class='ocrx_word' id='word_1_162' title='bbox 361 2701 388 2754; x_wconf 91' lang='lat' dir='ltr'><em>V</em></span> <span class='ocrx_word' id='word_1_163' title='bbox 466 2709 500 2757; x_wconf 82' lang='lat'>33</span> <span class='ocrx_word' id='word_1_164' title='bbox 519 2700 587 2757; x_wconf 90' lang='lat' dir='ltr'>nicil</span> <span class='ocrx_word' id='word_1_165' title='bbox 611 2702 638 2756; x_wconf 87' lang='lat' dir='ltr'><strong><em>V</em></strong></span> <span class='ocrx_word' id='word_1_166' title='bbox 716 2707 751 2757; x_wconf 80' lang='lat'>³4</span> <span class='ocrx_word' id='word_1_167' title='bbox 774 2701 865 2771; x_wconf 88' lang='lat' dir='ltr'>adque</span> <span class='ocrx_word' id='word_1_168' title='bbox 887 2700 923 2755; x_wconf 87' lang='lat' dir='ltr'>V¹</span> <span class='ocrx_word' id='word_1_169' title='bbox 1005 2708 1039 2757; x_wconf 85' lang='grc'>35</span> <span class='ocrx_word' id='word_1_170' title='bbox 1058 2708 1083 2758; x_wconf 80' lang='lat' dir='ltr'>et</span> <span class='ocrx_word' id='word_1_171' title='bbox 1102 2710 1136 2758; x_wconf 87' lang='grc'>36</span> 
     </span>
     <span class='ocr_line' id='line_1_29' title="bbox 113 2771 1137 2843; baseline -0.002 -13"><span class='ocrx_word' id='word_1_172' title='bbox 113 2788 166 2830; x_wconf 86' lang='lat' dir='ltr'>om.</span> <span class='ocrx_word' id='word_1_173' title='bbox 192 2771 220 2825; x_wconf 93' lang='lat' dir='ltr'><strong><em>V</em></strong></span> <span class='ocrx_word' id='word_1_174' title='bbox 282 2779 315 2827; x_wconf 79' lang='grc'>37</span> <span class='ocrx_word' id='word_1_175' title='bbox 336 2789 451 2828; x_wconf 86' lang='lat' dir='ltr'>concors</span> <span class='ocrx_word' id='word_1_176' title='bbox 475 2773 512 2828; x_wconf 79' lang='lat' dir='ltr'>V’</span> <span class='ocrx_word' id='word_1_177' title='bbox 530 2790 644 2828; x_wconf 88' lang='lat' dir='ltr'>consors</span> <span class='ocrx_word' id='word_1_178' title='bbox 669 2773 739 2827; x_wconf 87' lang='lat' dir='ltr'>V¹Z</span> <span class='ocrx_word' id='word_1_179' title='bbox 800 2779 835 2828; x_wconf 90' lang='grc'>38</span> <span class='ocrx_word' id='word_1_180' title='bbox 854 2772 921 2827; x_wconf 88' lang='lat' dir='ltr'>abui</span> <span class='ocrx_word' id='word_1_181' title='bbox 942 2772 987 2840; x_wconf 80' lang='lat' dir='ltr'>Vl</span> <span class='ocrx_word' id='word_1_182' title='bbox 1003 2775 1137 2843; x_wconf 87' lang='lat' dir='ltr'>quattuor</span> 
     </span>
     <span class='ocr_line' id='line_1_30' title="bbox 114 2841 1135 2914; baseline 0.002 -15"><span class='ocrx_word' id='word_1_183' title='bbox 114 2841 257 2900; x_wconf 85' lang='lat' dir='ltr'>edidimus</span> <span class='ocrx_word' id='word_1_184' title='bbox 281 2843 308 2897; x_wconf 88' lang='lat' dir='ltr'><strong><em>V</em></strong></span> <span class='ocrx_word' id='word_1_185' title='bbox 323 2844 374 2898; x_wconf 88' lang='lat' dir='ltr'>tris</span> <span class='ocrx_word' id='word_1_186' title='bbox 392 2861 509 2900; x_wconf 89' lang='lat' dir='ltr'>numero</span> <span class='ocrx_word' id='word_1_187' title='bbox 528 2844 613 2914; x_wconf 84' lang='lat' dir='ltr'>genui</span> <span class='ocrx_word' id='word_1_188' title='bbox 632 2846 660 2899; x_wconf 90' lang='lat' dir='ltr'><em>Z</em></span> <span class='ocrx_word' id='word_1_189' title='bbox 730 2851 763 2899; x_wconf 87' lang='grc'><strong>39</strong></span> <span class='ocrx_word' id='word_1_190' title='bbox 784 2847 813 2900; x_wconf 87' lang='lat' dir='ltr'>et</span> <span class='ocrx_word' id='word_1_191' title='bbox 831 2850 866 2899; x_wconf 91' lang='lat'>40</span> <span class='ocrx_word' id='word_1_192' title='bbox 884 2860 934 2900; x_wconf 86' lang='lat' dir='ltr'>om.</span> <span class='ocrx_word' id='word_1_193' title='bbox 953 2845 981 2898; x_wconf 85' lang='lat' dir='ltr'><em>Z</em></span> <span class='ocrx_word' id='word_1_194' title='bbox 1046 2852 1080 2901; x_wconf 87' lang='grc'>39</span> <span class='ocrx_word' id='word_1_195' title='bbox 1099 2848 1135 2902; x_wconf 88' lang='lat' dir='ltr'>ad</span> 
     </span>
    </p>
   </div>
   <div class='ocr_carea' id='block_1_4' title="bbox 113 2932 1138 3293">
    <p class='ocr_par' dir='ltr' id='par_1_16' title="bbox 113 2932 1138 3293">
     <span class='ocr_line' id='line_1_31' title="bbox 118 2932 1138 3004; baseline 0.003 -16"><span class='ocrx_word' id='word_1_196' title='bbox 118 2933 157 2988; x_wconf 87' lang='lat' dir='ltr'>V¹</span> <span class='ocrx_word' id='word_1_197' title='bbox 212 2939 247 2987; x_wconf 93' lang='lat'>41</span> <span class='ocrx_word' id='word_1_198' title='bbox 268 2932 398 2987; x_wconf 88' lang='lat' dir='ltr'>columen</span> <span class='ocrx_word' id='word_1_199' title='bbox 415 2933 457 2988; x_wconf 76' lang='lat' dir='ltr'>Vl</span> <span class='ocrx_word' id='word_1_200' title='bbox 472 2935 540 3002; x_wconf 74' lang='lat' dir='ltr'>(me</span> <span class='ocrx_word' id='word_1_201' title='bbox 559 2933 593 3004; x_wconf 89' lang='lat' dir='ltr'>V)</span> <span class='ocrx_word' id='word_1_202' title='bbox 609 2934 720 2988; x_wconf 90' lang='lat' dir='ltr'>culmen</span> <span class='ocrx_word' id='word_1_203' title='bbox 737 2933 793 2988; x_wconf 74' lang='lat' dir='ltr'>Te</span> <span class='ocrx_word' id='word_1_204' title='bbox 809 2937 812 3004; x_wconf 88' lang='grc' dir='ltr'>Ι</span> <span class='ocrx_word' id='word_1_205' title='bbox 829 2934 941 2989; x_wconf 90' lang='lat' dir='ltr'>culmen</span> <span class='ocrx_word' id='word_1_206' title='bbox 961 2951 1100 2990; x_wconf 85' lang='lat' dir='ltr'>summum</span> <span class='ocrx_word' id='word_1_207' title='bbox 1112 2937 1138 2990; x_wconf 82' lang='lat' dir='ltr'><em>T</em></span> 
     </span>
     <span class='ocr_line' id='line_1_32' title="bbox 148 3002 1136 3075; baseline 0.004 -17"><span class='ocrx_word' id='word_1_208' title='bbox 148 3010 184 3058; x_wconf 80' lang='lat'>42</span> <span class='ocrx_word' id='word_1_209' title='bbox 203 3003 291 3058; x_wconf 88' lang='lat' dir='ltr'>libiae</span> <span class='ocrx_word' id='word_1_210' title='bbox 313 3002 340 3057; x_wconf 93' lang='lat' dir='ltr'><strong><em>V</em></strong></span> <span class='ocrx_word' id='word_1_211' title='bbox 356 3003 450 3071; x_wconf 83' lang='lat' dir='ltr'>lybiae</span> <span class='ocrx_word' id='word_1_212' title='bbox 470 3006 497 3058; x_wconf 84' lang='lat' dir='ltr'><em>Z</em></span> <span class='ocrx_word' id='word_1_213' title='bbox 567 3011 600 3060; x_wconf 82' lang='lat'>4³</span> <span class='ocrx_word' id='word_1_214' title='bbox 621 3022 671 3060; x_wconf 84' lang='lat' dir='ltr'>om.</span> <span class='ocrx_word' id='word_1_215' title='bbox 690 3005 717 3058; x_wconf 87' lang='lat' dir='ltr'><strong><em>Z</em></strong></span> <span class='ocrx_word' id='word_1_216' title='bbox 738 3007 809 3074; x_wconf 83' lang='lat' dir='ltr'>(cum</span> <span class='ocrx_word' id='word_1_217' title='bbox 827 3006 918 3075; x_wconf 81' lang='lat' dir='ltr'>spatio</span> <span class='ocrx_word' id='word_1_218' title='bbox 936 3008 1022 3061; x_wconf 79' lang='lat' dir='ltr'>unius</span> <span class='ocrx_word' id='word_1_219' title='bbox 1039 3024 1136 3062; x_wconf 78' lang='lat' dir='ltr'>uersus</span> 
     </span>
     <span class='ocr_line' id='line_1_33' title="bbox 113 3073 1138 3147; baseline 0 -16"><span class='ocrx_word' id='word_1_220' title='bbox 113 3091 205 3131; x_wconf 73' lang='lat' dir='ltr'>uuerco</span> <span class='ocrx_word' id='word_1_221' title='bbox 223 3075 257 3130; x_wconf 77' lang='lat' dir='ltr'>ia</span> <span class='ocrx_word' id='word_1_222' title='bbox 273 3073 341 3145; x_wconf 74' lang='lat' dir='ltr'>Te)</span> <span class='ocrx_word' id='word_1_223' title='bbox 358 3076 363 3146; x_wconf 86' lang='grc'>1</span> <span class='ocrx_word' id='word_1_224' title='bbox 380 3091 427 3130; x_wconf 87' lang='lat' dir='ltr'>ore</span> <span class='ocrx_word' id='word_1_225' title='bbox 445 3092 496 3132; x_wconf 90' lang='lat' dir='ltr'>om.</span> <span class='ocrx_word' id='word_1_226' title='bbox 517 3076 554 3130; x_wconf 86' lang='lat' dir='ltr'>V¹</span> <span class='ocrx_word' id='word_1_227' title='bbox 568 3079 615 3145; x_wconf 87' lang='lat' dir='ltr'>(al.</span> <span class='ocrx_word' id='word_1_228' title='bbox 629 3079 667 3145; x_wconf 83' lang='lat' dir='ltr'>sa)</span> <span class='ocrx_word' id='word_1_229' title='bbox 717 3083 752 3131; x_wconf 89' lang='lat'>44</span> <span class='ocrx_word' id='word_1_230' title='bbox 769 3094 840 3146; x_wconf 85' lang='lat' dir='ltr'>puer</span> <span class='ocrx_word' id='word_1_231' title='bbox 855 3077 964 3146; x_wconf 80' lang='lat' dir='ltr'>Pciper,</span> <span class='ocrx_word' id='word_1_232' title='bbox 981 3079 1064 3147; x_wconf 87' lang='lat' dir='ltr'>pater</span> <span class='ocrx_word' id='word_1_233' title='bbox 1083 3077 1138 3132; x_wconf 86' lang='lat' dir='ltr'>VZ</span> 
     </span>
     <span class='ocr_line' id='line_1_34' title="bbox 141 3145 1135 3220; baseline 0.004 -19"><span class='ocrx_word' id='word_1_234' title='bbox 141 3153 177 3201; x_wconf 82' lang='lat'>4‘1</span> <span class='ocrx_word' id='word_1_235' title='bbox 190 3145 323 3216; x_wconf 87' lang='lat' dir='ltr'>possidet</span> <span class='ocrx_word' id='word_1_236' title='bbox 335 3146 361 3200; x_wconf 88' lang='grc' dir='ltr'><em>Τ</em></span> <span class='ocrx_word' id='word_1_237' title='bbox 366 3149 413 3202; x_wconf 80' lang='lat' dir='ltr'>sed</span> <span class='ocrx_word' id='word_1_238' title='bbox 423 3165 468 3216; x_wconf 72' lang='lat' dir='ltr'>pr.</span> <span class='ocrx_word' id='word_1_239' title='bbox 479 3164 548 3203; x_wconf 82' lang='lat' dir='ltr'>corr.</span> <span class='ocrx_word' id='word_1_240' title='bbox 593 3154 627 3204; x_wconf 90' lang='lat'>48</span> <span class='ocrx_word' id='word_1_241' title='bbox 637 3147 779 3218; x_wconf 85' lang='lat' dir='ltr'>Aegregia</span> <span class='ocrx_word' id='word_1_242' title='bbox 792 3149 819 3203; x_wconf 98' lang='lat' dir='ltr'><strong><em>V</em></strong></span> <span class='ocrx_word' id='word_1_243' title='bbox 858 3155 893 3203; x_wconf 87' lang='lat'>49</span> <span class='ocrx_word' id='word_1_244' title='bbox 908 3147 1069 3220; x_wconf 83' lang='lat' dir='ltr'>progeneri]</span> <span class='ocrx_word' id='word_1_245' title='bbox 1084 3165 1135 3217; x_wconf 89' lang='lat' dir='ltr'>pro</span> 
     </span>
     <span class='ocr_line' id='line_1_35' title="bbox 113 3216 1133 3293; baseline 0 -19"><span class='ocrx_word' id='word_1_246' title='bbox 113 3219 167 3289; x_wconf 75' lang='lat' dir='ltr'>glis</span> <span class='ocrx_word' id='word_1_247' title='bbox 180 3216 233 3272; x_wconf 89' lang='lat' dir='ltr'>tris</span> <span class='ocrx_word' id='word_1_248' title='bbox 245 3217 272 3270; x_wconf 85' lang='lat' dir='ltr'><strong><em>T</em></strong></span> <span class='ocrx_word' id='word_1_249' title='bbox 278 3217 497 3289; x_wconf 81' lang='lat' dir='ltr'>progeneretrit</span> <span class='ocrx_word' id='word_1_250' title='bbox 510 3219 513 3291; x_wconf 75' lang='lat' dir='ltr'>l</span> <span class='ocrx_word' id='word_1_251' title='bbox 527 3219 663 3292; x_wconf 90' lang='lat' dir='ltr'>omnium]</span> <span class='ocrx_word' id='word_1_252' title='bbox 676 3219 735 3274; x_wconf 77' lang='lat' dir='ltr'>onte</span> <span class='ocrx_word' id='word_1_253' title='bbox 748 3220 902 3276; x_wconf 74' lang='lat' dir='ltr'>TomndG</span> <span class='ocrx_word' id='word_1_254' title='bbox 943 3225 977 3274; x_wconf 78' lang='lat'>50</span> <span class='ocrx_word' id='word_1_255' title='bbox 986 3219 1133 3293; x_wconf 89' lang='lat' dir='ltr'>inlustres]</span> 
     </span>
    </p>
   </div>
   <div class='ocr_carea' id='block_1_5' title="bbox 113 3290 1137 3486">
    <p class='ocr_par' dir='ltr' id='par_1_17' title="bbox 113 3290 1137 3486">
     <span class='ocr_line' id='line_1_36' title="bbox 118 3290 1137 3396; baseline 0.003 -16"><span class='ocrx_word' id='word_1_256' title='bbox 118 3324 162 3395; x_wconf 82' lang='lat' dir='ltr'>Vl</span> <span class='ocrx_word' id='word_1_257' title='bbox 178 3319 277 3380; x_wconf 68' lang='grc'><strong>33333</strong></span> <span class='ocrx_word' id='word_1_258' title='bbox 291 3318 465 3394; x_wconf 57' lang='lat' dir='ltr'>(compr</span> <span class='ocrx_word' id='word_1_259' title='bbox 511 3330 543 3381; x_wconf 80' lang='lat'>51</span> <span class='ocrx_word' id='word_1_260' title='bbox 555 3325 752 3382; x_wconf 72' lang='grc'><strong>3333333333</strong></span> <span class='ocrx_word' id='word_1_261' title='bbox 804 3333 836 3382; x_wconf 75' lang='lat' dir='ltr'>ce</span> <span class='ocrx_word' id='word_1_262' title='bbox 851 3290 958 3396; x_wconf 72' lang='lat' dir='ltr'>nyn&#39;li</span> <span class='ocrx_word' id='word_1_263' title='bbox 972 3325 1137 3383; x_wconf 70' lang='lat' dir='ltr'>vaomar</span> 
     </span>
     <span class='ocr_line' id='line_1_37' title="bbox 113 3394 1134 3486; baseline 0.004 -36"><span class='ocrx_word' id='word_1_264' title='bbox 113 3402 146 3451; x_wconf 76' lang='grc'>33</span> <span class='ocrx_word' id='word_1_265' title='bbox 164 3395 226 3451; x_wconf 79' lang='lat' dir='ltr'>Nec</span> <span class='ocrx_word' id='word_1_266' title='bbox 248 3394 293 3464; x_wconf 81' lang='grc' dir='ltr'>ΤΙ</span> <span class='ocrx_word' id='word_1_267' title='bbox 308 3395 439 3452; x_wconf 84' lang='lat' dir='ltr'>furtunae</span> <span class='ocrx_word' id='word_1_268' title='bbox 462 3396 499 3451; x_wconf 89' lang='lat' dir='ltr'>V¹</span> <span class='ocrx_word' id='word_1_269' title='bbox 514 3398 519 3465; x_wconf 90' lang='grc'>1</span> <span class='ocrx_word' id='word_1_270' title='bbox 536 3397 636 3452; x_wconf 84' lang='lat' dir='ltr'>suasit:</span> <span class='ocrx_word' id='word_1_271' title='bbox 656 3397 694 3454; x_wconf 90' lang='lat' dir='ltr'>sit</span> <span class='ocrx_word' id='word_1_272' title='bbox 712 3399 818 3486; x_wconf 64' lang='lat' dir='ltr'>farus.</span> <span class='ocrx_word' id='word_1_273' title='bbox 837 3399 873 3453; x_wconf 88' lang='lat' dir='ltr'>ul.</span> <span class='ocrx_word' id='word_1_274' title='bbox 971 3403 1006 3454; x_wconf 74' lang='lat'>54</span> <span class='ocrx_word' id='word_1_275' title='bbox 1025 3398 1134 3454; x_wconf 87' lang='lat' dir='ltr'>obitum</span> 
     </span>
    </p>
   </div>
   <div class='ocr_carea' id='block_1_6' title="bbox 118 3481 1135 3592">
    <p class='ocr_par' dir='ltr' id='par_1_18' title="bbox 118 3481 1135 3592">
     <span class='ocr_line' id='line_1_38' title="bbox 118 3481 1135 3592; baseline 0.002 -18"><span class='ocrx_word' id='word_1_276' title='bbox 118 3521 144 3574; x_wconf 73' lang='lat' dir='ltr'>r</span> <span class='ocrx_word' id='word_1_277' title='bbox 160 3522 335 3577; x_wconf 74' lang='lat' dir='ltr'>nasitumz</span> <span class='ocrx_word' id='word_1_278' title='bbox 417 3521 631 3577; x_wconf 68' lang='lat' dir='ltr'>conuocare</span> <span class='ocrx_word' id='word_1_279' title='bbox 656 3521 682 3576; x_wconf 77' lang='lat' dir='ltr'><em>v</em></span> <span class='ocrx_word' id='word_1_280' title='bbox 760 3527 793 3576; x_wconf 86' lang='grc'>33</span> <span class='ocrx_word' id='word_1_281' title='bbox 813 3481 886 3577; x_wconf 71' lang='lat' dir='ltr'>ratic</span> <span class='ocrx_word' id='word_1_282' title='bbox 911 3521 938 3576; x_wconf 81' lang='lat' dir='ltr'><strong><em>V</em></strong></span> <span class='ocrx_word' id='word_1_283' title='bbox 953 3523 990 3578; x_wconf 78' lang='lat' dir='ltr'>az.</span> <span class='ocrx_word' id='word_1_284' title='bbox 1009 3539 1031 3578; x_wconf 78' lang='grc'><strong>3.</strong></span> <span class='ocrx_word' id='word_1_285' title='bbox 1056 3525 1061 3592; x_wconf 81' lang='lat' dir='ltr'>l</span> <span class='ocrx_word' id='word_1_286' title='bbox 1086 3524 1135 3577; x_wconf 77' lang='lat' dir='ltr'>ac-</span> 
     </span>
    </p>
   </div>
   <div class='ocr_carea' id='block_1_7' title="bbox 0 0 1262 3954">
    <p class='ocr_par' dir='ltr' id='par_1_19' title="bbox 0 0 1262 3954">
     <span class='ocr_line' id='line_1_39' title="bbox 0 0 1262 3954; baseline 0 2"><span class='ocrx_word' id='word_1_287' title='bbox 0 0 1262 3954; x_wconf 95' lang='lat' dir='ltr'> </span> 
     </span>
    </p>
   </div>
  </div>
 </body>
</html>
