2534 3954
517 195 733 260 ..99-

118 353 198 418 Inde
219 353 366 419 Dionaeo
388 354 594 439 praefulgens
617 354 720 420 Iulius
744 357 832 419 astro

164 442 306 508 Aestatis
329 443 454 507 mediae
477 447 626 527 tempora
650 447 737 508 certa
759 447 857 510 tenet.

119 529 284 616 Augustus
310 532 457 616 sequitur
479 534 654 618 cognatum
677 555 697 596 a
721 530 859 598 Caesare
882 553 1014 617 nomen,
1097 549 1129 598 15

165 619 279 684 Ordine
303 621 350 685 sic
374 619 452 684 anni
473 620 715 703 proximus,ut
738 621 876 705 generis.

117 707 300 773 Nectuntur
321 712 398 793 post
420 708 481 772 hos
504 730 737 793 numerumque
760 732 799 773 ex
823 709 934 774 ordine
959 710 1091 796 signant

163 795 362 882 September,
385 795 508 862 Bacchi
530 818 662 861 munere
685 798 797 882 praela
819 800 943 883 rigans,

115 885 162 950 Et
184 887 238 970 qui
262 886 416 950 sementis
440 907 498 970 per
520 889 671 970 tempora
693 886 827 951 faenore
849 887 954 951 laetus

162 973 300 1040 October
323 974 432 1058 cupidi
455 996 546 1058 spem
570 973 661 1039 fouet
646 975 860 1060 tagricclae,
1095 991 1129 1040 ιο

117 1061 239 1147 Quique
263 1063 333 1128 salo
357 1084 508 1147 mergens
532 1061 704 1127 sollemnia
728 1064 822 1149 signa
844 1063 1033 1130 Nouember
1119 1067 1121 1076 ’

161 1151 372 1236 Praecipitat,
396 1152 484 1216 caelo
508 1173 583 1216 mox
606 1151 749 1217 reditura
773 1175 840 1217 suo.

118 1237 318 1305 Concludens
341 1261 512 1305 numerum
536 1239 678 1325 genialia
699 1240 786 1305 festa
808 1239 988 1307 December

160 1327 262 1413 Finit,
285 1333 322 1394 ut
346 1351 365 1394 a
388 1329 504 1393 bruma
527 1351 603 1394 mox
626 1351 731 1394 nouus
755 1351 859 1395 annus
883 1334 944 1395 eat.

19 1583 20 1588 ’
64 1591 111 1631 xn
125 1591 170 1644 [ete
183 1592 274 1642 narn]
303 1572 352 1627 DE
371 1571 503 1628 TRIBVS
522 1572 734 1629 MENSTRVIS
753 1571 944 1630 MENSVVM.

19 1759 21 1786 ι
116 1717 173 1782 Bis
195 1739 292 1783 senas
317 1739 402 1783 anno
424 1722 556 1802 reparat
578 1717 702 1782 Lucina
724 1718 883 1783 kalendas

19 1855 20 1858 ι
114 1806 159 1870 nt
179 1807 318 1872 totidem
341 1806 465 1872 medias
489 1807 546 1876 dat
569 1828 695 1872 currere
718 1806 866 1892 Iuppiter
889 1807 961 1872 idus

113 1893 344 1979 Nonarumque
368 1895 454 1960 diem
478 1895 602 1960 faciunt
624 1895 710 1960 infra
733 1899 807 1960 octo
832 1895 972 1962 secundi.

113 1982 202 2048 Haec
225 1988 303 2049 sunt
325 1982 473 2049 Romano
497 1987 627 2049 tantum
649 1983 715 2048 tria
737 1985 872 2048 nomina
895 1985 1012 2069 mensi3

114 2070 229 2138 Cetera
252 2094 312 2158 per
334 2094 487 2137 numeros
512 2076 589 2137 sunt
611 2077 827 2156 cognomenta
851 2073 984 2138 dierum.
1112 2087 1128 2137 c

60 2300 183 2406 ”iifl
218 2333 386 2402 evermu
404 2323 487 2389 oms
507 2332 589 2388 srur
607 2333 792 2391 nnusvvn
811 2334 1059 2392 smevacavn.

109 2480 242 2565 Inplent
265 2480 407 2545 tricenas
430 2501 489 2564 per
512 2480 642 2564 singula
666 2483 832 2544 menstrua
855 2479 943 2545 luces

108 2568 223 2634 Iunius
247 2569 439 2655 Aprilisque
463 2572 592 2635 etcum
616 2566 806 2652 Septembre
828 2568 1024 2635 Nouember

108 2657 219 2723 Vnum
242 2661 294 2722 ter
317 2657 408 2722 denis
431 2657 626 2722 cumulatius
652 2656 732 2721 adde
755 2657 869 2722 diebus

108 2747 172 2811 Per
194 2749 321 2830 septem
344 2765 485 2830 menses,
508 2744 580 2809 Iani
602 2744 781 2830 Martisque
804 2746 951 2810 kalendis

106 2835 156 2900 Et
177 2857 258 2919 quas
281 2834 388 2899 Maius
412 2834 494 2919 agit,
519 2856 598 2919 quas
622 2833 723 2898 Iulius
748 2833 980 2919 Augustusque
1110 2850 1126 2898 5

106 2923 155 2989 Et
177 2947 259 3009 quas
283 2921 424 2989 October
448 2923 637 3007 positusque
660 2923 694 2987 in
716 2923 780 2988 fine
805 2922 992 2988 December.

180 3138 213 3188 18
232 3134 315 3189 bacci
337 3133 365 3188 V
433 3138 468 3186 20
487 3131 603 3187 octuber
625 3131 668 3200 Vl
684 3132 762 3188 fobet
784 3131 811 3189 V
880 3137 913 3188 21
932 3132 1085 3188 nobember
1103 3131 1130 3185 V

107 3210 143 3259 24
159 3205 251 3260 nebus
273 3205 317 3272 Vl
340 3209 427 3260 annu⁸
446 3205 470 3272 (s
488 3204 524 3258 al.
543 3205 590 3272 ee.)
613 3202 640 3257 V

177 3311 232 3365 ΧΠ
259 3329 396 3366 nauem:
421 3327 499 3379 ιρι.
521 3311 553 3365 in
576 3326 631 3364 roc.
654 3309 690 3364 V⁸
760 3309 875 3364 3intra
898 3309 1052 3364 Mommsen
1155 3312 1184 3363 V

108 3389 262 3438 tremana
281 3385 328 3452 (aa
346 3382 378 3436 ia
396 3398 433 3436 no
452 3383 500 3466 al.)
523 3380 550 3435 V
618 3385 769 3436 enumero
792 3381 828 3435 V¹
847 3383 869 3451 (s
888 3381 924 3434 ol.
943 3382 989 3449 se.)
1117 3391 1118 3394 ’

177 3481 382 3543 X111n¹e⁸s1na
405 3487 433 3542 V
501 3487 686 3543 lnobember
708 3487 735 3540 V
799 3492 820 3542 ’ὃ
838 3485 955 3542 terrenis
978 3485 1013 3541 V¹
1036 3489 1041 3558 Ι
1066 3503 1124 3556 qua
1154 3489 1181 3542 V

112 3559 172 3628 V¹l
198 3559 316 3630 agustus
339 3558 366 3613 V
435 3560 586 3614 boetuber

927 3647 963 3700 7*
