2516 3954
441 234 482 244 -
528 214 700 264 LXXXXVII
749 232 786 244 ··-

96 360 168 425 3Ἰο
191 357 267 424 Kal.
290 357 361 422 Ian.
395 355 582 442 Symmachi
614 355 757 421 laudatio
790 355 824 420 in
853 355 1122 422 Valentinianum

193 447 355 512 seniorem
370 446 557 532 Augustum
570 445 682 510 altera.
706 445 803 529 paulo
818 449 894 530 post
908 444 1121 530 Symmachus

193 540 231 600 in
253 535 396 620 patriam
420 534 513 600 redit.

194 641 469 724 „Valentinianus
492 640 581 706 omni
604 639 778 724 pudicitiae
798 640 888 706 cultu
906 641 994 708 domi
1012 646 1122 707 castus

195 736 230 796 et
253 733 343 814 foris,
365 730 456 794 nullo
479 731 633 815 contagio
656 728 870 794 conscientiae
890 731 1031 795 uiolatus
1050 732 1122 796 obs·

194 841 308 904 cenae,
331 819 414 884 nihil
435 819 594 883 incestum
618 818 766 902 hancque
790 819 832 884 ob
855 839 987 884 causam
1002 868 1010 887 .
1023 869 1031 885 .
1046 868 1054 884 .
1068 842 1122 903 pe·

193 909 372 974 talentiam
386 907 530 973 frenarat
545 907 637 972 aulae
651 905 791 992 regalis“
803 915 954 981 (Ammian.
964 917 1042 972 XXX
1054 917 1123 987 aa).

194 996 465 1082 „Valentinianus
484 999 611 1061 amator
628 995 860 1061 munditiarum
874 996 1043 1081 laetusque
1057 1019 1124 1064 non

194 1085 338 1169 profusis
367 1086 471 1170 epulis
500 1085 554 1150 sed
587 1083 740 1148 excultis“
773 1091 922 1160 (Ammian.
947 1094 1025 1150 XXX
1043 1101 1069 1163 a,
1087 1094 1123 1160 4).

194 1175 241 1239 im
266 1178 376 1239 erator
403 1174 473 1258 ipse
500 1173 646 1240 carmina
675 1175 707 1238 et
733 1171 875 1239 faciebat
905 1177 938 1238 et
965 1174 1124 1240 recitabat

196 1197 266 1331 (uid.
284 1258 373 1316 (lento
391 1279 432 1330 pr.
449 1262 503 1344 12).

102 1379 127 1419 c.
148 1377 178 1419 a.
197 1358 263 1417 370
286 1357 438 1416 Bissula
461 1359 498 1427 (u.
517 1368 552 1419 20
574 1360 679 1417 belIIca
699 1360 824 1436 praeda),
847 1376 937 1434 quam
960 1360 1066 1434 postea
1085 1357 1123 1417 ad

194 1445 326 1506 Paulum
348 1445 434 1505 misit
456 1464 517 1505 una
539 1464 608 1505 cum
632 1443 773 1505 Centone.

104 1571 130 1615 e.
150 1549 219 1614 370
245 1547 409 1612 Ausonius
428 1569 536 1612 eomes
560 1555 663 1622 (Praef.
677 1557 690 1611 I
705 1553 747 1612 35.
768 1557 845 1612 Grat.
860 1556 923 1610 Act.
941 1562 986 1611 11:
1005 1558 1050 1612 tot
1062 1574 1125 1627 gra·

196 1635 250 1688 dus
268 1633 382 1687 nomine
401 1632 513 1688 comitia
531 1636 648 1703 propter
667 1635 717 1687 tua
735 1633 910 1686 incrementa
923 1630 1059 1702 congesti
1088 1633 1124 1688 of.

196 1705 320 1774 Epitom.
338 1710 382 1771 47,
391 1710 418 1759 4.
430 1709 458 1759 δε
474 1703 531 1758 fuit
544 1715 639 1758 autem
650 1702 802 1758 Gratianus
817 1703 919 1758 litteris
933 1704 1009 1759 haud
1019 1703 1125 1759 medio·

197 1775 284 1830 criter
307 1773 467 1830 institutus:
492 1791 604 1829 carmen
623 1775 728 1842 fecere,
752 1777 851 1829 ornate
869 1774 961 1843 loqui,
984 1775 1125 1844 explicare

198 1846 407 1901 controuersias
425 1845 570 1900 rhetorum
589 1863 675 1902 more.
709 1846 789 1902 Grat.
808 1849 864 1900 act.
880 1850 914 1901 68
926 1862 985 1913 sqq.
1006 1863 1051 1914 ep.
1068 1847 1123 1915 26).

106 1939 174 2004 370
197 1936 406 2024 Burgundios
444 1937 564 2002 excitat
596 1937 772 2022 imperator
803 1937 838 2001 in
871 1936 1125 2002 Alamannorum

196 2027 383 2111 perniciem.
425 2026 626 2091 Alamannos
660 2049 717 2110 per
749 2026 906 2092 Rhaetica
940 2025 1127 2113 adgreditur

199 2115 403 2181 Theodosius
427 2123 578 2191 (Ammian.
591 2125 711 2180 XXVIII
726 2133 751 2194 t,
768 2124 820 2190 15).

107 2247 134 2288 a.
155 2229 224 2288 370
244 2229 276 2286 et
295 2229 357 2286 371
383 2227 536 2287 Mosella
560 2227 700 2286 Treueris
724 2227 854 2302 scriptus
879 2229 924 2296 (of.
943 2249 971 2284 u.
990 2235 1042 2285 422
1057 2248 1126 2301 sqq.²

182 2327 209 2361 n.
225 2311 279 2362 450
297 2305 441 2378 Augustus
463 2311 546 2377 pater
567 2310 596 2362 et
613 2307 687 2372 nati;
709 2325 736 2363 u.
751 2314 803 2363 408
818 2323 879 2376 sqq.
912 2306 1020 2362 Ptobus
1043 2307 1127 2377 signi-

202 2389 322 2456 ficatur).
355 2405 444 2464 quem
461 2383 567 2447 laudat
586 2385 818 2463 Symmachus
837 2385 971 2462 ep.114
996 2387 1129 2458 („uolitat

128 2485 133 2490 ·
198 2469 266 2522 tuus
285 2467 403 2522 Mosella
420 2483 471 2536 per
489 2484 588 2522 manus
607 2467 738 2537 amneque
758 2468 939 2536 multorum“)
960 2468 979 2534 ).

199 2564 306 2624 eodem
323 2567 457 2639 tempore
471 2563 531 2640 Ep.
545 2563 638 2622 ΧΠΙΙ
657 2565 692 2622 et
705 2563 760 2620 XV
780 2562 824 2622 ad
838 2562 1018 2622 Thoonem
1036 2563 1127 2640 scrip·

199 2655 248 2713 tas
279 2652 386 2712 docent
413 2651 640 2729 descriptiones,
672 2652 800 2729 piscium
827 2651 1011 2711 enumeratio
1039 2655 1128 2721 (XIIII

200 2739 236 2789 60
245 2750 307 2802 sqq.
326 2749 360 2788 ex
377 2732 497 2787 Mosella
515 2738 563 2796 87,
582 2733 633 2787 XV
648 2738 682 2787 42
702 2749 736 2786 ex
754 2732 826 2786 Mos.
842 2739 875 2787 ‘14
895 2732 1045 2802 repetitam
1064 2733 1129 2787 Tre·

200 2804 276 2859 ueris
303 2804 423 2874 scriptas
445 2805 568 2873 probant
589 2802 667 2857 XIIII
687 2809 765 2858 1-3.
803 2803 836 2860 cf.
862 2803 913 2857 XV
936 2821 978 2873 pr.
999 2809 1028 2858 6:
1057 2819 1128 2872 quae

201 2875 368 2930 adulescens
393 2876 499 2930 temere
522 2874 662 2944 fuderam,
689 2873 748 2929 iam
772 2875 864 2929 senior
887 2873 1050 2930 retractari.
1077 2875 1129 2930 XV

202 2951 309 3000 rao-54
324 2971 358 2991 =
371 2944 452 2999 XIIII
466 2947 592 3015 rr-rr).

201 3025 274 3084 Alia
301 3025 398 3084 multa
419 3044 474 3102 per
495 3026 551 3084 hos
575 3043 668 3085 annos
691 3043 783 3102 opera
806 3024 944 3103 agitabat
966 3023 1129 3101 Ausonius,

114 3167 328 3192 ..h-..-

183 3269 211 3337 *)
233 3235 312 3320 uiam
335 3281 421 3333 quam
443 3265 619 3336 persequitur
640 3267 727 3336 poeta
745 3262 787 3318 ita
804 3262 912 3318 indicat
934 3264 1043 3320 Tabula
1061 3262 1130 3320 Pen-

114 3353 287 3425 tingeriana:
312 3350 402 3424 „Aug
422 3351 613 3409 Tresuirorum
628 3353 693 3408 VIII
711 3343 880 3425 Nouiomafi.
900 3353 1013 3407 X.-X.
1038 3352 1130 3478 Belgi·

116 3446 180 3482 uum
202 3424 279 3479 VIII.
317 3425 437 3480 Damno.
460 3424 535 3480 XVI.
564 3424 705 3496 Bingium.
731 3423 793 3478 XII.
821 3423 1001 3496 Mogontiaco
1025 3424 1090 3478 VIII
1106 3429 1131 3479 .“

116 3497 250 3554 Antonini
262 3495 328 3552 ltin.
343 3502 393 3552 371
410 3496 469 3552 W.:
485 3495 714 3564 „confluentibus
728 3494 818 3550 Vinco
834 3514 911 3566 mpm
921 3494 1013 3550 XXVI
1026 3496 1131 3552 Noni0·

116 3586 197 3641 mago
216 3585 296 3638 mpm
314 3565 445 3621 XXXVII
462 3567 597 3622 Treueros
617 3586 695 3638 mpm
714 3565 805 3622 XIII.“

166 3666 300 3710 Avscms.
900 3673 919 3725 g
