2466 3958
78 375 219 440 Perisini
250 374 443 460 apographo
471 374 592 439 uitioso
623 373 710 438 dedit
736 371 913 458 Vgoletus)
938 373 1100 440 Auentius

77 486 170 528 suum
200 463 326 528 librum
353 463 458 528 multo
482 463 694 528 uetustiorem
722 462 952 546 melioremque
982 463 1101 528 mirum

77 554 109 616 in
145 552 285 618 modum
324 551 522 636 contempsit
562 573 621 616 nec
663 555 773 616 tamen
810 572 943 634 prorsus
984 552 1101 616 desunt

78 642 228 725 exempla
257 640 340 705 satis
370 645 460 705 certe
488 641 632 704 sincerae
661 639 824 721 lectionis,
853 641 946 724 quale
970 639 1099 727 inipso

78 730 319 815 epigrammate
346 729 378 812 1,
403 729 422 792 9
446 729 582 813 ,praecor
605 727 762 794 Proculo“.

77 957 104 1014 C.
138 955 341 1013 EXCERPTA
363 955 411 1009 DE
436 954 634 1011 OPVSGVLIS
653 953 782 1010 DECIMI
801 953 921 1009 MAGNI
939 954 1098 1009 AVSONII.

142 1066 272 1131 Horum
307 1063 571 1151 excerptorum*)
602 1087 701 1129 unum
735 1065 814 1129 olim
845 1086 963 1150 corpus
991 1062 1099 1146 fuisse,

77 1155 244 1220 conditum
255 1158 293 1218 ut
304 1153 434 1218 uidetur
449 1158 525 1218 ante
535 1176 559 1218 s.
569 1153 659 1236 VIII,
674 1153 803 1217 ostendi
813 1151 943 1218 Ueberl.
955 1152 1020 1217 298
1029 1175 1099 1238 sqq.

77 1244 348 1329 conplectebatur
364 1247 473 1306 autem
488 1243 530 1307 ab
545 1243 639 1306 initio
653 1243 733 1306 haec
748 1242 903 1325 carmine,
918 1263 1001 1325 quae
1014 1263 1099 1306 nunc

77 1332 237 1417 dissipate
266 1330 432 1395 habentur
459 1333 493 1395 in
521 1331 625 1414 libris,
655 1352 735 1416 quos
764 1331 858 1395 laeua
882 1330 1029 1416 margine
1052 1331 1098 1394 in·

78 1421 195 1486 diceui:

104 1505 183 1575 (GR)
255 1505 399 1628 Inqqpiunt
413 1507 577 1587 ercerpte
591 1506 630 1560 de
645 1503 825 1574 opusculis
839 1502 1097 1574 DecimiMegni

324 1592 449 1632 usonn.

80 1647 183 1716 ΗΘΒ)
261 1646 416 1703 Mosella.

364 1717 488 1788 Explicit
506 1716 614 1772 Decimi
632 1715 731 1788 Magni
749 1716 868 1772 Ausonii
886 1716 1013 1772 Mosella.

79 1788 183 1857 WB)
260 1789 365 1858 Incipit
383 1787 536 1858 epistola
555 1787 748 1858 Symmachi
767 1789 808 1842 ad
829 1788 1022 1841 Ausonium.

81 1861 137 1926 3(B
144 1861 215 1928 ΡΣ)
255 1858 360 1929 Incipit
378 1858 500 1984 epistole
517 1859 636 1914 Ausonii
654 1860 689 1914 ed
709 1858 876 1928 Hesperium
894 1857 983 1912 filium

328 1931 390 2001 Exp
405 1929 454 1986 'cit
472 1929 601 2000 epistola.
933 1929 1097 2000 [Caesares]

257 2001 401 2072 incipiunt
418 2001 595 2057 monosticha
613 2001 648 2055 de
667 2001 763 2056 ordine
781 2001 989 2071 imperatorum.

166 2207 180 2253 l
201 2200 334 2266 exce¹pta
352 2194 375 2247 B

164 2277 181 2324 3
202 2266 308 2323 decimi
326 2267 423 2335 megni
441 2266 552 2321 ausonii
571 2283 621 2321 om.
640 2267 664 2320 B

164 2347 183 2395 4
201 2339 237 2412 ad
257 2338 403 2410 eusebium
425 2339 469 2406 (ee.
490 2337 526 2391 ad
546 2339 702 2406 ausonium)
723 2336 747 2390 G

164 2417 182 2466 5
201 2411 313 2465 ausonii
331 2411 418 2480 antiq.
437 2426 471 2462 m.
490 2425 524 2464 cs.
544 2411 573 2461 Σ
593 2426 645 2465 rec.
663 2427 698 2464 m.
718 2409 783 2464 add.
802 2409 824 2463 P
850 2411 854 2478 Ι
879 2415 965 2463 totum
983 2410 1095 2464 atulam

81 2498 125 2536 m
144 2483 181 2607 B'l
201 2550 359 2607 monastice
377 2550 423 2622 ΣΙ
439 2549 619 2620 imperiorum
638 2552 660 2605 P
676 2553 681 2620 Ι
697 2556 782 2606 totum
800 2552 912 2605 titulum
931 2567 981 2605 om.
1001 2549 1024 2603 B

139 2766 142 2770 ·
164 2729 189 2798 *)
207 2745 265 2783 non
277 2731 354 2782 recte
369 2727 482 2798 eclogee
501 2727 613 2795 dixeris,
633 2745 697 2782 uam
716 2729 878 2798 eclogarum
897 2727 1011 2783 titulum
1025 2745 1094 2796 pau-

80 2819 172 2856 corum
196 2817 231 2855 ex
254 2799 299 2853 hie
323 2815 385 2854 esse
410 2797 578 2866 carminum,
603 2815 700 2854 eorum
721 2815 822 2868 nempe
847 2813 918 2868 quae
942 2815 1041 2854 reuera
1060 2815 1095 2854 ex

79 2871 238 2927 Ausoniano
261 2870 313 2924 illo
336 2868 504 2939 Eclogarum
528 2869 602 2924 libro
626 2871 726 2925 haustu
749 2872 827 2938 sunt,
853 2870 1093 2925 ostendunusub-

80 2943 244 3069 scripgplqee
258 2939 448 3065 llesqotlrii,tde
466 2941 532 3067 virot
547 2941 621 3064 pono
638 2943 676 3067 :lt
689 2939 790 3066 qebElslt
804 2944 833 2996 et
845 2941 918 3065 qu
930 2958 1009 3024 'quae
1028 2943 1094 2996 sunt

78 3033 111 3139 dl
127 3013 1094 3154 Rosiaepppnpfitksipappsspanouqqnffiqin1epsiosippulqrqqncppppp

78 3157 150 3210 tulus
168 3173 227 3211 non
246 3156 296 3209 est.
330 3151 511 3210 Communem
530 3153 660 3209 omnibus
678 3154 803 3223 titulum,
822 3154 870 3224 qui
889 3154 933 3208 eet
951 3153 1093 3222 Excerpta

80 3229 158 3297 ems,
187 3227 337 3296 praestant
363 3225 503 3294 pleniores
528 3225 640 3280 codices
665 3225 691 3280 G
715 3227 744 3279 et
762 3226 798 3279 B.
836 3227 959 3280 ceterum
983 3225 1018 3278 de
1042 3242 1093 3278 usu

80 3297 292 3424 mallit
312 3295 1092 3424 uirtuti.stultssimus..illitu

80 3385 146 3496 idlerca
169 3387 206 3495 dd
230 3387 449 3522 llupidinemp.
469 3443 521 3492 455
545 3387 700 3520 cdissectos,
725 3439 826 3508 quibus
851 3408 1006 3521 ex’Seruio
1025 3437 1091 3493 Por-

81 3511 295 3638 qpaytqioppdqlsue
309 3509 537 3580 Vergilianorum
555 3510 828 3579 Horatianorumque
848 3526 1002 3564 carminum
1021 3509 1090 3564 lem-

839 3667 877 3720 d*
