2538 3964
511 193 748 258 -395-

8 327 10 364 ³
121 351 288 437 gationem
312 351 409 417 diluit
427 367 550 418 somno.
584 352 639 417 sed
663 374 735 418 cum
755 351 850 437 uirgo
868 351 1046 437 Nausicaa,
1068 353 1137 417 filia

8 487 10 534 f
122 441 209 524 regis
225 440 368 523 Alcinoi,
387 441 499 506 ludum
518 441 552 505 in
572 445 645 506 acta
664 463 738 506 cum
757 441 945 525 aequalibus
964 445 1135 525 exerceret,
1155 458 1171 508 5

8 537 10 602 ἶ
122 550 235 594 somno
259 530 432 613 excitatus,
453 534 492 594 ut
514 532 585 595 erat
606 529 729 614 nudus,
757 530 878 614 erupit,
904 529 1057 594 foliorum
1081 551 1136 614 op·

8 611 10 664 7
121 617 233 702 positu
256 617 407 703 pudenda
428 619 567 684 uelatus.
603 621 637 682 et
657 639 731 683 cum
749 618 884 703 supplex
904 638 1009 702 genua
1027 619 1137 703 regiae

121 705 260 791 uirginis
284 706 525 789 aduoluemtnr,
548 705 714 772 Mineruae
737 707 894 772 instinctu
917 707 1021 772 mouit
1043 709 1137 772 mise·
1205 761 1207 766 ,

121 794 295 859 ricordiam
328 796 505 862 salutarem
537 796 773 880 impositusque
804 799 959 881 carpento
987 799 1021 860 et
1046 801 1137 860 ueste

123 883 263 948 donatus
281 906 384 970 usque
403 885 443 949 ad
461 885 619 969 templum
632 884 810 968 Mineruae,
829 885 915 969 quod
934 888 1009 949 ante
1022 884 1136 949 urbem
1157 902 1190 950 10

123 976 186 1054 est,
210 972 366 1038 suadente
384 973 522 1059 uirginis
541 973 678 1058 pudore,
701 973 892 1057 prouehitur
911 973 1021 1058 ibique
1043 972 1137 1037 fami-

121 1060 202 1126 liare
226 1061 290 1127 sibi
312 1083 433 1128 numen
457 1063 556 1128 solita
577 1061 763 1146 precatione
786 1065 969 1128 ueneratur.

597 1253 659 1308 VII.

238 1353 309 1485 Silla
328 1356 343 1415 d
363 1356 415 1430 pla
435 1355 502 1414 ἔνθ’
521 1354 611 1428 ἠρᾶτο
629 1354 769 1442 molvicius
786 1362 847 1423 δῖος
862 1354 1033 1432 Ὀδυσσεύς)

265 1432 347 1486 rabat
366 1446 481 1500 superos
500 1429 607 1484 dudum
625 1430 739 1485 Laertia
756 1431 860 1500 proles.

189 1555 338 1620 Minerua
356 1557 483 1640 puellae
502 1557 643 1640 speciem
662 1560 823 1640 mutuata,
846 1555 979 1621 Vlixem
997 1557 1139 1640 primum

8 1685 11 1726 p
122 1647 158 1710 in
186 1645 356 1729 oppidum,
383 1666 458 1709 mox
486 1645 522 1709 in
549 1645 680 1709 domum
709 1644 834 1730 regiam
863 1645 960 1710 ducit.
1003 1665 1139 1728 eumque

123 1735 224 1798 Arete
252 1755 334 1799 uxor
356 1733 488 1799 Alcinoi
516 1737 549 1797 et
570 1734 656 1798 unde
683 1739 809 1799 uestem
836 1732 972 1800 haberet
996 1737 1029 1797 et
1052 1736 1174 1800 cuiaas

124 1827 210 1888 esset
233 1825 266 1886 et
284 1843 349 1906 qua
368 1826 455 1888 sorte
474 1822 618 1906 delatus,
641 1844 789 1888 sermone
808 1823 912 1906 ipsius
931 1823 1139 1906 conperisset,

124 1911 246 1976 bonum
275 1910 420 1977 animum
448 1910 568 1976 habere
596 1912 703 1977 iussus
728 1911 882 1976 suadente
905 1932 1043 1997 uespera
1066 1932 1139 1975 con-

127 2000 213 2066 cedit
235 2000 346 2085 quieti.

594 2174 668 2230 VIII.

260 2272 367 2350 <Ἦμος
385 2275 414 2334 δ’
434 2275 580 2350 ἠριγένεια
600 2276 679 2350 φάνη
698 2277 907 2351 ᾇοδοδάκτυλος
924 2274 1003 2352 ἠώς)

259 2351 320 2404 Iam
339 2351 446 2406 caelum
464 2353 565 2407 rutilat
582 2350 668 2407 roseis
688 2353 795 2408 Aurora
813 2351 966 2421 quadrigis.

194 2476 351 2541 Alcinous
391 2478 613 2561 nauigationis
651 2499 837 2542 aerumnam
875 2477 1062 2542 summatim
1099 2477 1140 2540 ab

126 2565 223 2629 Vlixe
250 2566 427 2650 cognoscit.
464 2565 576 2630 exinde
604 2566 702 2630 iussis
729 2566 927 2652 primoribus
955 2567 991 2630 in
1018 2565 1142 2630 curiam

127 2654 314 2733 conuenire,
348 2654 523 2718 aduentum
555 2653 694 2738 hospitis
728 2657 761 2717 et
792 2653 971 2719 infortunia
997 2654 1176 2721 diutinaec

68 2750 73 2758 '
127 2743 313 2808 iactationis
346 2743 508 2827 explanat.
555 2743 722 2828 accitoque
753 2741 794 2807 ad
824 2743 1010 2808 conuiuium
1036 2742 1142 2826 Vlixe,

129 2831 288 2897 citharam
306 2831 397 2897 iubet
415 2832 545 2916 pulsare
563 2829 800 2897 Demodocum:
819 2832 873 2917 qui
893 2853 964 2897 cum
985 2832 1023 2897 de
1038 2830 1142 2896 Durio

129 2943 211 3004 equo
245 2923 279 2984 et
310 2920 350 2985 de
377 2919 493 2986 Troico
526 2924 674 2987 cantaret
705 2920 842 3004 excidio,
873 2921 1025 2987 lacrimas
1053 2920 1144 2985 Vlixi

201 3101 217 3150 5
236 3095 347 3164 alcynoi
361 3095 389 3149 P
440 3101 456 3149 6
476 3059 592 3166 sompno
608 3096 637 3149 P
650 3098 655 3162 Ι
670 3095 834 3151 foloriornm
855 3094 884 3148 P
937 3102 952 3151 '1
972 3094 1071 3163 suplex
1091 3094 1119 3146 P
1138 3093 1142 3164 1

129 3167 166 3220 od
184 3182 277 3236 genua
300 3167 427 3237 Vpolctue
489 3171 506 3220 8
525 3166 724 3223 aduoluerdtur
742 3167 771 3221 P
830 3171 862 3220 11
881 3166 1045 3235 peruehitur
1063 3165 1103 3219 ΡΙ

131 3243 164 3292 12
183 3237 267 3291 solita
279 3239 289 3307 l
303 3237 388 3292 solita
406 3237 434 3291 P

202 3325 254 3380 VII
273 3332 289 3377 2
308 3325 427 3381 lacertis
447 3326 475 3379 P
527 3326 636 3397 einp.
657 3344 678 3382 s.
698 3327 808 3380 mutata
829 3324 957 3395 Vpolctua
1011 3322 1143 3396 esron]

130 3415 214 3467 arege
235 3399 282 3466 ΡΙ
305 3396 405 3452 altinoi
426 3397 484 3464 1³¹1
504 3396 608 3452 habere
627 3400 657 3452 et
675 3398 721 3463 ΡΙ
737 3396 782 3451 eui
795 3398 806 3466 l
819 3396 931 3451 adesset
946 3395 975 3448 P
991 3393 1054 3449 cuia
1072 3398 1145 3450 esset

135 3468 263 3544 quletac
285 3467 362 3523 euias
381 3468 533 3524 nemesius
604 3474 620 3523 6
639 3486 695 3538 qua
712 3468 785 3523 forte
804 3467 833 3521 P
901 3473 916 3522 ‘1
937 3465 1059 3522 concidit
1076 3466 1105 3520 P

202 3556 269 3612 VIII
292 3562 307 3611 ⁷
327 3558 472 3626 cytharam
490 3556 540 3626 ΡΙ
565 3557 711 3612 demonum
731 3556 782 3627 ΡΙ
808 3555 888 3611 dorio
907 3555 935 3610 P
